2917 4359
385 301 818 382 PRAEFATIQ
997 333 1064 411 ψς

176 399 260 472 effe
274 404 451 496 ,quamvis
472 399 600 469 diversa
617 400 681 470 sint
695 404 820 494 verba,
836 407 947 506 colligi
955 421 1066 510 potest

181 523 236 569 ex
265 497 432 598 Capitulis
452 500 711 589 quaedDomno
721 503 811 570 Luca
821 505 1073 586 Dacberioedi.

181 619 230 666 ta
252 596 327 680 sunt¹
346 600 496 664 intorno
515 619 568 668 rx.
591 597 759 695 spicilegij
779 623 856 697 pag.
875 629 931 694 57.

233 691 585 788 X=1X.Illudquoque
600 696 792 766 admonitos
803 697 1068 798 velimleuores,

179 788 392 888 displicuisse
401 786 482 856 mihi
491 793 599 888 prima
611 790 849 893 sacie,ntipss
858 795 992 887 sortasse
1001 805 1068 878 dis.

184 887 346 986 plicebit,
360 910 477 958 vocem
490 889 724 982 Ascedronenfi,
739 917 814 988 quae
821 915 914 964 extat
925 900 960 965 in
969 897 1065 971 fron.

182 1007 232 1055 te
239 986 328 1054 istius
340 983 501 1084 epistolae.
514 988 857 1084 Animusitaqueerat
866 992 950 1062 istud
961 1020 1068 1068 mura.

181 1107 232 1152 re
242 1087 423 1178 ‚quoniam
439 1085 536 1150 certis
550 1083 746 1154 testimoniis
755 1087 930 1158 constabat
941 1097 1067 1191 episto.

182 1181 263 1250 ianr
292 1179 447 1276 scriptam
473 1179 537 1248 esse
564 1179 606 1249 ad
626 1182 846 1256 Heribaldurn
866 1187 1065 1290 Episcopum

186 1275 530 1349 Auriffiodorensem.
566 1279 698 1352 Verrim
727 1283 842 1380 postea
862 1287 1067 1384 deprehendi

185 1400 257 1446 eos
276 1377 335 1470 qui
356 1373 609 1458 eircagRbenum
620 1385 655 1450 δι
668 1379 846 1450 Mosellam
859 1406 918 1478 per
927 1409 966 1456 ea
977 1410 1065 1458 rem.

184 1495 280 1572 pora
297 1467 482 1541 scribebant
495 1527 506 1556 ,
519 1473 799 1546 Alcedronensem
812 1481 928 1550 urbem
946 1486 1062 1557 dixisse

185 1591 381 1666 quamnos
404 1565 666 1640 Autissrodorum
678 1579 905 1649 nominamus.
919 1583 1060 1656 Annales

188 1665 372 1736 fuldenses
393 1667 435 1734 ad
453 1689 578 1738 annum
598 1691 620 1735 n
635 1693 655 1738 c
669 1693 689 1738 c
701 1696 721 1740 c
733 1697 755 1738 x
766 1696 785 1740 r
798 1699 824 1744 1.
851 1672 931 1743 cnm
949 1703 1064 1751 conve·

186 1762 375 1858 niffentrres
385 1765 507 1856 fratres
528 1767 561 1834 in
571 1770 694 1864 regione
713 1769 952 1866 Alcedronense
965 1784 1065 1861 juxta

186 1865 313 1932 villam
338 1865 553 1934 fontinatam.
581 1866 725 1938 Annales
745 1866 914 1954 Merenses
938 1877 1059 1949 eodem

105 1996 112 2018 r
186 1967 286 2030 annu
306 1987 315 2032 ε
339 1957 422 2029 Cim
440 1959 651 2050 conveniffenr
666 1985 728 2034 tres
743 1969 864 2060 fratrer
887 1973 922 2040 in
933 1979 1060 2069 regione

182 2057 433 2146 Aicrdronense
443 2060 543 2141 juxta
562 2061 679 2130 villam
698 2069 726 2133 F
728 2067 939 2142 onraniaeum.
971 2075 1058 2146 Item

101 2165 105 2172 '
187 2155 275 2225 urbs
291 2153 529 2228 niciodorenfis
545 2157 631 2251 apud
642 2159 846 2231 Nitbardum
862 2167 899 2232 in
914 2165 1060 2242 librose.

188 2255 307 2322 cundo
328 2253 369 2322 de
386 2251 633 2326 diffenfionibus
646 2258 793 2329 filiorum
811 2261 975 2336 Ludovici
984 2271 1050 2367 Pij:

185 2349 336 2445 Crimqne
359 2350 508 2443 insperati
528 2372 654 2456 propter
676 2353 784 2426 urbem
799 2361 1060 2459 Alciodorensem

188 2471 321 2541 uterque
331 2453 487 2518 exercitus
504 2454 589 2521 alter
601 2450 642 2522 ab
656 2455 756 2522 altero
764 2456 944 2549 videretur,
954 2468 1060 2560 confe.

183 2542 266 2634 stim
281 2543 458 2615 Lodhdrius
479 2549 546 2623 (dc.
567 2551 658 2619 Hinc
675 2575 778 2648 pagus
798 2555 1003 2632 Alciodrisus
1021 2569 1058 2634 in

191 2643 361 2739 Capitulis
372 2643 486 2714 Karoli
500 2645 600 2716 Calvi
608 2653 660 2720 rit.
672 2673 692 2716 rr
704 2673 715 2715 r
730 2673 754 2720 1.
767 2674 898 2748 pag.cx
910 2683 922 2725 r
933 2683 969 2729 v.
980 2661 1061 2729 Hu-

185 2767 231 2840 go
253 2785 265 2812 ‚
286 2741 390 2829 Gozfir
409 2796 421 2827 ,
439 2743 783 2841 Niuilungur,Mr'ffi
799 2753 834 2816 in
850 2753 1059 2848 wvemisu,

191 2839 382 2930 Alciodrrso
394 2900 404 2931 ,
415 2840 571 2928 Aveliso.

252 2941 342 3008 XX.
370 2937 463 3010 Anti
481 2939 565 3008 verb
592 2940 696 3033 quim
722 2941 952 3038 prefationem
971 2950 1072 3030 hanc!

191 3033 380 3128 absolvam,
392 3057 499 3130 operae
509 3039 705 3134 pretiumest
714 3041 874 3115 adnotare
882 3051 967 3118 adeo
977 3073 1056 3144 prae-

193 3131 424 3230 valuissenpud
434 3153 561 3203 veteres
571 3135 745 3231 epistolum
760 3140 917 3214 Rhabani
927 3150 969 3217 ad
982 3149 1057 3215 He.

100 3243 101 3250 ’
191 3227 359 3298 ribaldum
373 3251 410 3298 ut
429 3228 536 3320 nullus
554 3257 669 3302 eorum
687 3238 746 3329 qui
759 3240 831 3331 post
852 3242 1057 3319 Rhabanum

100 3371 102 3396 ι
191 3329 1057 3428 vixerunt,eorumvidelicetqrrilibrosdecretorum

144 3465 159 3490 e
194 3423 453 3520 composuerunt
467 3483 485 3515 1,
501 3431 682 3522 quicquam
700 3432 897 3528 excerpserit
914 3460 955 3505 ex
969 3437 1059 3506 libro

100 3561 102 3608 ᾗ
196 3524 417 3616 poenirenrinli
425 3525 467 3593 ad
477 3529 657 3622 Orgarium
670 3585 680 3616 ‚
697 3533 755 3622 qui
763 3533 893 3599 viderur
907 3533 971 3602 illis
983 3532 1060 3602 suis-

100 3613 102 3684 ἶ
197 3613 231 3687 se
239 3622 450 3720 incognitus,
470 3622 525 3693 sed
544 3622 678 3694 runrrim
690 3648 729 3696 ex
744 3625 886 3724 epistola
903 3632 945 3700 ad
957 3634 1059 3701 Heri-
