<?xml version="1.0" encoding="UTF-8"?>
<!DOCTYPE html PUBLIC "-//W3C//DTD XHTML 1.0 Transitional//EN"
    "http://www.w3.org/TR/xhtml1/DTD/xhtml1-transitional.dtd">
<html xmlns="http://www.w3.org/1999/xhtml" xml:lang="en" lang="en">
 <head>
  <title>
</title>
<meta http-equiv="Content-Type" content="text/html;charset=utf-8" />
  <meta name='ocr-system' content='tesseract 3.04.00' />
  <meta name='ocr-capabilities' content='ocr_page ocr_carea ocr_par ocr_line ocrx_word'/>
</head>
<body>
  <div class='ocr_page' id='page_1' title='image "./reginonisabbati00balugoog_0652.png"; bbox 0 0 2917 4359; ppageno 0'>
   <div class='ocr_carea' id='block_1_1' title="bbox 285 288 996 367">
    <p class='ocr_par' dir='ltr' id='par_1_1' title="bbox 285 288 996 367">
     <span class='ocr_line' id='line_1_1' title="bbox 285 288 996 367; baseline -0.004 -2"><span class='ocrx_word' id='word_1_1' title='bbox 285 303 561 367; x_wconf 72' lang='lat' dir='ltr'>&#39;Acronum</span> <span class='ocrx_word' id='word_1_2' title='bbox 594 288 850 362; x_wconf 77' lang='lat' dir='ltr'>vurunnrr.</span> <span class='ocrx_word' id='word_1_3' title='bbox 951 317 996 365; x_wconf 84' lang='lat'>611</span> 
     </span>
    </p>
   </div>
   <div class='ocr_carea' id='block_1_2' title="bbox 171 460 991 493">
    <p class='ocr_par' dir='ltr' id='par_1_2' title="bbox 171 460 991 493">
     <span class='ocr_line' id='line_1_2' title="bbox 171 460 991 493; baseline -0.002 -11"><span class='ocrx_word' id='word_1_4' title='bbox 171 460 991 493; x_wconf 57' lang='grc' dir='ltr'>..Μ</span> 
     </span>
    </p>
   </div>
   <div class='ocr_carea' id='block_1_3' title="bbox 535 572 613 631">
    <p class='ocr_par' dir='ltr' id='par_1_3' title="bbox 535 572 613 631">
     <span class='ocr_line' id='line_1_3' title="bbox 535 572 613 631; baseline -0.013 -3"><span class='ocrx_word' id='word_1_5' title='bbox 535 572 613 631; x_wconf 79' lang='lat' dir='ltr'>lv.</span> 
     </span>
    </p>
   </div>
   <div class='ocr_carea' id='block_1_4' title="bbox 105 722 1001 926">
    <p class='ocr_par' dir='ltr' id='par_1_4' title="bbox 105 722 1001 926">
     <span class='ocr_line' id='line_1_4' title="bbox 105 722 1001 827; baseline -0.011 -22"><span class='ocrx_word' id='word_1_6' title='bbox 105 728 106 735; x_wconf 7' lang='grc' dir='ltr'>ἵ</span> <span class='ocrx_word' id='word_1_7' title='bbox 167 724 548 827; x_wconf 83' lang='lat' dir='ltr'>Admonitiosynodalis</span> <span class='ocrx_word' id='word_1_8' title='bbox 569 722 766 813; x_wconf 72' lang='lat' dir='ltr'>novssfimn,</span> <span class='ocrx_word' id='word_1_9' title='bbox 783 724 827 794; x_wconf 89' lang='lat' dir='ltr'>ab</span> <span class='ocrx_word' id='word_1_10' title='bbox 837 725 1001 826; x_wconf 81' lang='lat' dir='ltr'>Episcopo</span> 
     </span>
     <span class='ocr_line' id='line_1_5' title="bbox 349 822 952 926; baseline -0.007 -29"><span class='ocrx_word' id='word_1_11' title='bbox 349 825 490 926; x_wconf 85' lang='lat' dir='ltr'>legenda</span> <span class='ocrx_word' id='word_1_12' title='bbox 504 823 578 922; x_wconf 86' lang='lat' dir='ltr'>post</span> <span class='ocrx_word' id='word_1_13' title='bbox 597 822 822 921; x_wconf 68' lang='lat' dir='ltr'>evangelium·</span> <span class='ocrx_word' id='word_1_14' title='bbox 950 848 952 850; x_wconf 62' lang='grc'><strong><em>’</em></strong></span> 
     </span>
    </p>
   </div>
   <div class='ocr_carea' id='block_1_5' title="bbox 371 998 804 1095">
    <p class='ocr_par' dir='ltr' id='par_1_5' title="bbox 371 998 804 1095">
     <span class='ocr_line' id='line_1_6' title="bbox 371 998 804 1095; baseline -0.002 -24"><span class='ocrx_word' id='word_1_15' title='bbox 371 998 430 1071; x_wconf 78' lang='lat' dir='ltr'>Ex</span> <span class='ocrx_word' id='word_1_16' title='bbox 449 1000 633 1095; x_wconf 76' lang='lat' dir='ltr'>Pontificaii</span> <span class='ocrx_word' id='word_1_17' title='bbox 651 1006 804 1073; x_wconf 75' lang='lat' dir='ltr'>Romanor</span> 
     </span>
    </p>
   </div>
   <div class='ocr_carea' id='block_1_6' title="bbox 105 1178 1102 3710">
    <p class='ocr_par' dir='ltr' id='par_1_6' title="bbox 105 1178 1102 3710">
     <span class='ocr_line' id='line_1_7' title="bbox 105 1178 1010 1242; baseline -0.003 0"><span class='ocrx_word' id='word_1_18' title='bbox 105 1228 106 1233; x_wconf 19' lang='grc' dir='ltr'>η</span> <span class='ocrx_word' id='word_1_19' title='bbox 238 1186 264 1241; x_wconf 85' lang='lat' dir='ltr'>R</span> <span class='ocrx_word' id='word_1_20' title='bbox 279 1202 298 1241; x_wconf 74' lang='lat' dir='ltr'>a</span> <span class='ocrx_word' id='word_1_21' title='bbox 311 1196 363 1242; x_wconf 74' lang='grc' dir='ltr'>τι</span> <span class='ocrx_word' id='word_1_22' title='bbox 378 1201 392 1239; x_wconf 81' lang='lat' dir='ltr'>r</span> <span class='ocrx_word' id='word_1_23' title='bbox 410 1200 423 1239; x_wconf 89' lang='lat' dir='ltr'>s</span> <span class='ocrx_word' id='word_1_24' title='bbox 452 1178 626 1239; x_wconf 70' lang='lat' dir='ltr'>dilectissimi</span> <span class='ocrx_word' id='word_1_25' title='bbox 652 1188 680 1239; x_wconf 71' lang='lat' dir='ltr'>dr</span> <span class='ocrx_word' id='word_1_26' title='bbox 705 1180 861 1241; x_wconf 77' lang='lat' dir='ltr'>sacerdotes</span> <span class='ocrx_word' id='word_1_27' title='bbox 878 1182 1010 1239; x_wconf 74' lang='lat' dir='ltr'>Domini:</span> 
     </span>
     <span class='ocr_line' id='line_1_8' title="bbox 105 1260 1004 1339; baseline -0.006 -16"><span class='ocrx_word' id='word_1_28' title='bbox 105 1318 106 1323; x_wconf 73' lang='grc'>,</span> <span class='ocrx_word' id='word_1_29' title='bbox 240 1266 450 1338; x_wconf 85' lang='lat' dir='ltr'>Cooperatores</span> <span class='ocrx_word' id='word_1_30' title='bbox 471 1260 579 1319; x_wconf 82' lang='lat' dir='ltr'>ordinis</span> <span class='ocrx_word' id='word_1_31' title='bbox 594 1262 679 1321; x_wconf 90' lang='lat' dir='ltr'>nostri</span> <span class='ocrx_word' id='word_1_32' title='bbox 700 1263 772 1320; x_wconf 83' lang='lat' dir='ltr'>estis.</span> <span class='ocrx_word' id='word_1_33' title='bbox 803 1264 882 1331; x_wconf 78' lang='lat' dir='ltr'>Noc,</span> <span class='ocrx_word' id='word_1_34' title='bbox 899 1280 1004 1339; x_wconf 84' lang='lat' dir='ltr'>quam·</span> 
     </span>
     <span class='ocr_line' id='line_1_9' title="bbox 105 1339 1004 1419; baseline -0.003 -18"><span class='ocrx_word' id='word_1_35' title='bbox 105 1344 106 1401; x_wconf 81' lang='grc' dir='ltr'>Ϊ</span> <span class='ocrx_word' id='word_1_36' title='bbox 169 1340 354 1419; x_wconf 83' lang='lat' dir='ltr'>visindigni,</span> <span class='ocrx_word' id='word_1_37' title='bbox 377 1339 472 1399; x_wconf 84' lang='lat' dir='ltr'>locum</span> <span class='ocrx_word' id='word_1_38' title='bbox 493 1346 588 1399; x_wconf 80' lang='lat' dir='ltr'>Aaron</span> <span class='ocrx_word' id='word_1_39' title='bbox 608 1360 736 1399; x_wconf 88' lang='lat' dir='ltr'>tenemus</span> <span class='ocrx_word' id='word_1_40' title='bbox 752 1384 762 1411; x_wconf 89' lang='lat'>,</span> <span class='ocrx_word' id='word_1_41' title='bbox 781 1362 833 1399; x_wconf 82' lang='lat' dir='ltr'>vos</span> <span class='ocrx_word' id='word_1_42' title='bbox 850 1341 1004 1399; x_wconf 85' lang='lat' dir='ltr'>antemio·</span> 
     </span>
     <span class='ocr_line' id='line_1_10' title="bbox 171 1416 1006 1497; baseline -0.004 -18"><span class='ocrx_word' id='word_1_43' title='bbox 171 1416 582 1480; x_wconf 80' lang='lat' dir='ltr'>cumEleazati&amp;1tiramari.</span> <span class='ocrx_word' id='word_1_44' title='bbox 609 1422 673 1479; x_wconf 88' lang='lat' dir='ltr'>Nos</span> <span class='ocrx_word' id='word_1_45' title='bbox 683 1423 745 1479; x_wconf 89' lang='lat' dir='ltr'>vice</span> <span class='ocrx_word' id='word_1_46' title='bbox 763 1420 913 1478; x_wconf 86' lang='lat' dir='ltr'>duodecim</span> <span class='ocrx_word' id='word_1_47' title='bbox 931 1424 1006 1497; x_wconf 80' lang='lat' dir='ltr'>Apo·</span> 
     </span>
     <span class='ocr_line' id='line_1_11' title="bbox 105 1495 1008 1579; baseline -0.006 -19"><span class='ocrx_word' id='word_1_48' title='bbox 105 1516 107 1571; x_wconf 63' lang='lat' dir='ltr'>j,</span> <span class='ocrx_word' id='word_1_49' title='bbox 172 1500 312 1559; x_wconf 87' lang='lat' dir='ltr'>stolorum</span> <span class='ocrx_word' id='word_1_50' title='bbox 324 1495 469 1575; x_wconf 84' lang='lat' dir='ltr'>fungimur</span> <span class='ocrx_word' id='word_1_51' title='bbox 478 1524 488 1565; x_wconf 66' lang='grc' dir='ltr'><strong>ς</strong></span> <span class='ocrx_word' id='word_1_52' title='bbox 509 1518 557 1557; x_wconf 83' lang='lat' dir='ltr'>vos</span> <span class='ocrx_word' id='word_1_53' title='bbox 567 1497 603 1557; x_wconf 86' lang='lat' dir='ltr'>ad</span> <span class='ocrx_word' id='word_1_54' title='bbox 618 1496 742 1558; x_wconf 83' lang='lat' dir='ltr'>formam</span> <span class='ocrx_word' id='word_1_55' title='bbox 752 1498 928 1579; x_wconf 78' lang='lat' dir='ltr'>septuaginta</span> <span class='ocrx_word' id='word_1_56' title='bbox 936 1498 1008 1555; x_wconf 90' lang='lat' dir='ltr'>duo·</span> 
     </span>
     <span class='ocr_line' id='line_1_12' title="bbox 105 1574 1010 1657; baseline -0.006 -18"><span class='ocrx_word' id='word_1_57' title='bbox 105 1584 106 1587; x_wconf 71' lang='grc'>’</span> <span class='ocrx_word' id='word_1_58' title='bbox 172 1598 238 1639; x_wconf 89' lang='lat' dir='ltr'>rum</span> <span class='ocrx_word' id='word_1_59' title='bbox 255 1574 459 1655; x_wconf 84' lang='lat' dir='ltr'>discipolorum</span> <span class='ocrx_word' id='word_1_60' title='bbox 479 1578 550 1635; x_wconf 84' lang='lat' dir='ltr'>estis.</span> <span class='ocrx_word' id='word_1_61' title='bbox 580 1578 645 1636; x_wconf 79' lang='lat' dir='ltr'>Nos</span> <span class='ocrx_word' id='word_1_62' title='bbox 661 1580 783 1657; x_wconf 84' lang='lat' dir='ltr'>pastores</span> <span class='ocrx_word' id='word_1_63' title='bbox 799 1578 881 1635; x_wconf 79' lang='lat' dir='ltr'>vestri</span> <span class='ocrx_word' id='word_1_64' title='bbox 897 1574 1010 1645; x_wconf 83' lang='lat' dir='ltr'>sumus,</span> 
     </span>
     <span class='ocr_line' id='line_1_13' title="bbox 105 1652 1010 1733; baseline -0.002 -16"><span class='ocrx_word' id='word_1_65' title='bbox 105 1720 106 1723; x_wconf 60' lang='grc'>,</span> <span class='ocrx_word' id='word_1_66' title='bbox 173 1679 225 1717; x_wconf 86' lang='lat' dir='ltr'>vos</span> <span class='ocrx_word' id='word_1_67' title='bbox 250 1674 347 1715; x_wconf 88' lang='lat' dir='ltr'>autem</span> <span class='ocrx_word' id='word_1_68' title='bbox 372 1656 493 1733; x_wconf 82' lang='lat' dir='ltr'>pastores</span> <span class='ocrx_word' id='word_1_69' title='bbox 511 1657 671 1715; x_wconf 85' lang='lat' dir='ltr'>animarum</span> <span class='ocrx_word' id='word_1_70' title='bbox 696 1656 776 1715; x_wconf 83' lang='lat' dir='ltr'>vobis</span> <span class='ocrx_word' id='word_1_71' title='bbox 794 1652 1010 1715; x_wconf 72' lang='lat' dir='ltr'>commistarum.</span> 
     </span>
     <span class='ocr_line' id='line_1_14' title="bbox 173 1731 1014 1815; baseline -0.004 -18"><span class='ocrx_word' id='word_1_72' title='bbox 173 1731 280 1815; x_wconf 85' lang='lat' dir='ltr'>Nosde</span> <span class='ocrx_word' id='word_1_73' title='bbox 293 1736 372 1795; x_wconf 84' lang='lat' dir='ltr'>vobis</span> <span class='ocrx_word' id='word_1_74' title='bbox 381 1737 527 1794; x_wconf 84' lang='lat' dir='ltr'>rationem</span> <span class='ocrx_word' id='word_1_75' title='bbox 543 1734 680 1794; x_wconf 79' lang='lat' dir='ltr'>reddituri</span> <span class='ocrx_word' id='word_1_76' title='bbox 694 1734 787 1793; x_wconf 84' lang='lat' dir='ltr'>sumus</span> <span class='ocrx_word' id='word_1_77' title='bbox 798 1732 908 1793; x_wconf 88' lang='lat' dir='ltr'>summo</span> <span class='ocrx_word' id='word_1_78' title='bbox 918 1736 1014 1813; x_wconf 57' lang='lat' dir='ltr'>pasto*</span> 
     </span>
     <span class='ocr_line' id='line_1_15' title="bbox 105 1812 1017 1893; baseline -0.002 -20"><span class='ocrx_word' id='word_1_79' title='bbox 105 1822 107 1873; x_wconf 68' lang='grc' dir='ltr'>ἓ</span> <span class='ocrx_word' id='word_1_80' title='bbox 175 1818 203 1874; x_wconf 88' lang='lat' dir='ltr'>ri</span> <span class='ocrx_word' id='word_1_81' title='bbox 216 1815 346 1875; x_wconf 89' lang='lat' dir='ltr'>Domino</span> <span class='ocrx_word' id='word_1_82' title='bbox 360 1817 455 1874; x_wconf 85' lang='lat' dir='ltr'>nostro</span> <span class='ocrx_word' id='word_1_83' title='bbox 464 1812 528 1891; x_wconf 82' lang='lat' dir='ltr'>Jesu</span> <span class='ocrx_word' id='word_1_84' title='bbox 539 1812 669 1881; x_wconf 87' lang='lat' dir='ltr'>Christo,</span> <span class='ocrx_word' id='word_1_85' title='bbox 683 1834 733 1873; x_wconf 83' lang='lat' dir='ltr'>vos</span> <span class='ocrx_word' id='word_1_86' title='bbox 750 1815 785 1872; x_wconf 90' lang='lat' dir='ltr'>de</span> <span class='ocrx_word' id='word_1_87' title='bbox 797 1814 924 1893; x_wconf 83' lang='lat' dir='ltr'>&#39;plebibus</span> <span class='ocrx_word' id='word_1_88' title='bbox 935 1815 1017 1875; x_wconf 82' lang='lat' dir='ltr'>vobis</span> 
     </span>
     <span class='ocr_line' id='line_1_16' title="bbox 174 1890 1015 1974; baseline -0.002 -21.152"><span class='ocrx_word' id='word_1_89' title='bbox 174 1892 388 1955; x_wconf 79' lang='lat' dir='ltr'>commendatis.</span> <span class='ocrx_word' id='word_1_90' title='bbox 414 1894 535 1963; x_wconf 83' lang='lat' dir='ltr'>Etideo,</span> <span class='ocrx_word' id='word_1_91' title='bbox 551 1890 833 1953; x_wconf 75' lang='lat' dir='ltr'>fratresdilestiffimi</span> <span class='ocrx_word' id='word_1_92' title='bbox 845 1894 1015 1974; x_wconf 79' lang='lat' dir='ltr'>,vidctcpe-</span> 
     </span>
     <span class='ocr_line' id='line_1_17' title="bbox 105 1970 1014 2054; baseline -0.004 -19"><span class='ocrx_word' id='word_1_93' title='bbox 105 2032 107 2041; x_wconf 81' lang='grc'><strong>,</strong></span> <span class='ocrx_word' id='word_1_94' title='bbox 174 1975 301 2034; x_wconf 88' lang='lat' dir='ltr'>ticulum</span> <span class='ocrx_word' id='word_1_95' title='bbox 315 1974 443 2030; x_wconf 83' lang='lat' dir='ltr'>vestrum.</span> <span class='ocrx_word' id='word_1_96' title='bbox 470 1970 661 2031; x_wconf 73' lang='lat' dir='ltr'>Admonemus</span> <span class='ocrx_word' id='word_1_97' title='bbox 677 1974 773 2054; x_wconf 88' lang='lat' dir='ltr'>itaque</span> <span class='ocrx_word' id='word_1_98' title='bbox 793 1979 820 2031; x_wconf 75' lang='grc' dir='ltr'>δι</span> <span class='ocrx_word' id='word_1_99' title='bbox 839 1972 1014 2032; x_wconf 74' lang='lat' dir='ltr'>obsecramus</span> 
     </span>
     <span class='ocr_line' id='line_1_18' title="bbox 105 2048 1015 2132; baseline -0.007 -17"><span class='ocrx_word' id='word_1_100' title='bbox 105 2060 106 2125; x_wconf 46' lang='grc' dir='ltr'><strong>ζ</strong></span> <span class='ocrx_word' id='word_1_101' title='bbox 174 2048 387 2115; x_wconf 82' lang='lat' dir='ltr'>fraternitatem</span> <span class='ocrx_word' id='word_1_102' title='bbox 397 2052 514 2108; x_wconf 77' lang='lat' dir='ltr'>vestram</span> <span class='ocrx_word' id='word_1_103' title='bbox 525 2070 555 2109; x_wconf 91' lang='lat' dir='ltr'>ut</span> <span class='ocrx_word' id='word_1_104' title='bbox 570 2072 631 2131; x_wconf 83' lang='lat' dir='ltr'>qnae</span> <span class='ocrx_word' id='word_1_105' title='bbox 647 2054 726 2111; x_wconf 83' lang='lat' dir='ltr'>vobis</span> <span class='ocrx_word' id='word_1_106' title='bbox 741 2052 932 2132; x_wconf 82' lang='lat' dir='ltr'>suggerimus,</span> <span class='ocrx_word' id='word_1_107' title='bbox 949 2073 1015 2110; x_wconf 91' lang='lat' dir='ltr'>me-</span> 
     </span>
     <span class='ocr_line' id='line_1_19' title="bbox 105 2130 1013 2207; baseline -0.002 -16"><span class='ocrx_word' id='word_1_108' title='bbox 105 2134 107 2175; x_wconf 70' lang='lat' dir='ltr'>i</span> <span class='ocrx_word' id='word_1_109' title='bbox 176 2134 278 2191; x_wconf 78' lang='lat' dir='ltr'>moriae</span> <span class='ocrx_word' id='word_1_110' title='bbox 290 2130 511 2201; x_wconf 83' lang='lat' dir='ltr'>commendetis,</span> <span class='ocrx_word' id='word_1_111' title='bbox 532 2136 559 2187; x_wconf 78' lang='lat' dir='ltr'>dr</span> <span class='ocrx_word' id='word_1_112' title='bbox 576 2151 659 2207; x_wconf 88' lang='lat' dir='ltr'>opere</span> <span class='ocrx_word' id='word_1_113' title='bbox 676 2152 805 2190; x_wconf 86' lang='lat' dir='ltr'>exercere</span> <span class='ocrx_word' id='word_1_114' title='bbox 822 2132 961 2193; x_wconf 84' lang='lat' dir='ltr'>studeatis.</span> <span class='ocrx_word' id='word_1_115' title='bbox 978 2136 1013 2189; x_wconf 85' lang='lat' dir='ltr'>In</span> 
     </span>
     <span class='ocr_line' id='line_1_20' title="bbox 105 2206 1102 2292; baseline -0.001 -23"><span class='ocrx_word' id='word_1_116' title='bbox 105 2212 107 2221; x_wconf 80' lang='grc'>’</span> <span class='ocrx_word' id='word_1_117' title='bbox 178 2212 282 2292; x_wconf 83' lang='lat' dir='ltr'>primis</span> <span class='ocrx_word' id='word_1_118' title='bbox 294 2206 477 2267; x_wconf 81' lang='lat' dir='ltr'>admonemus</span> <span class='ocrx_word' id='word_1_119' title='bbox 492 2228 522 2266; x_wconf 90' lang='lat' dir='ltr'>ur</span> <span class='ocrx_word' id='word_1_120' title='bbox 536 2210 595 2285; x_wconf 85' lang='lat' dir='ltr'>vita</span> <span class='ocrx_word' id='word_1_121' title='bbox 607 2214 634 2266; x_wconf 74' lang='grc' dir='ltr'>δι</span> <span class='ocrx_word' id='word_1_122' title='bbox 650 2208 826 2269; x_wconf 84' lang='lat' dir='ltr'>conversatio</span> <span class='ocrx_word' id='word_1_123' title='bbox 834 2211 923 2268; x_wconf 82' lang='lat' dir='ltr'>vestra</span> <span class='ocrx_word' id='word_1_124' title='bbox 931 2208 963 2268; x_wconf 85' lang='lat' dir='ltr'>stt</span> <span class='ocrx_word' id='word_1_125' title='bbox 972 2213 1016 2268; x_wconf 72' lang='lat' dir='ltr'>io·-</span> <span class='ocrx_word' id='word_1_126' title='bbox 1100 2247 1102 2252; x_wconf 90' lang='grc'><strong>-</strong></span> 
     </span>
     <span class='ocr_line' id='line_1_21' title="bbox 105 2284 1016 2377; baseline -0.002 -28"><span class='ocrx_word' id='word_1_127' title='bbox 105 2308 107 2377; x_wconf 54' lang='grc' dir='ltr'>ᾗ</span> <span class='ocrx_word' id='word_1_128' title='bbox 178 2284 415 2367; x_wconf 83' lang='lat' dir='ltr'>reprehensibilis.</span> <span class='ocrx_word' id='word_1_129' title='bbox 432 2291 466 2345; x_wconf 87' lang='lat' dir='ltr'>Io</span> <span class='ocrx_word' id='word_1_130' title='bbox 478 2286 607 2346; x_wconf 81' lang='lat' dir='ltr'>domibus</span> <span class='ocrx_word' id='word_1_131' title='bbox 617 2290 851 2347; x_wconf 75' lang='lat' dir='ltr'>vestrismuiieres</span> <span class='ocrx_word' id='word_1_132' title='bbox 860 2310 917 2347; x_wconf 90' lang='lat' dir='ltr'>non</span> <span class='ocrx_word' id='word_1_133' title='bbox 926 2288 1016 2348; x_wconf 85' lang='lat' dir='ltr'>coha-</span> 
     </span>
     <span class='ocr_line' id='line_1_22' title="bbox 105 2364 1011 2449; baseline 0 -22"><span class='ocrx_word' id='word_1_134' title='bbox 105 2378 107 2443; x_wconf 41' lang='lat' dir='ltr'>Q</span> <span class='ocrx_word' id='word_1_135' title='bbox 159 2366 161 2371; x_wconf 66' lang='grc'><strong>’</strong></span> <span class='ocrx_word' id='word_1_136' title='bbox 179 2370 281 2431; x_wconf 81' lang='lat' dir='ltr'>bitcnt.</span> <span class='ocrx_word' id='word_1_137' title='bbox 295 2368 386 2426; x_wconf 87' lang='lat' dir='ltr'>Omni</span> <span class='ocrx_word' id='word_1_138' title='bbox 398 2368 482 2426; x_wconf 70' lang='lat' dir='ltr'>noste</span> <span class='ocrx_word' id='word_1_139' title='bbox 498 2364 533 2426; x_wconf 85' lang='lat' dir='ltr'>ad</span> <span class='ocrx_word' id='word_1_140' title='bbox 543 2368 695 2428; x_wconf 63' lang='lat' dir='ltr'>nodurnas</span> <span class='ocrx_word' id='word_1_141' title='bbox 710 2366 918 2449; x_wconf 80' lang='lat' dir='ltr'>horassurgite.</span> <span class='ocrx_word' id='word_1_142' title='bbox 932 2366 1011 2427; x_wconf 88' lang='lat' dir='ltr'>Offi-</span> 
     </span>
     <span class='ocr_line' id='line_1_23' title="bbox 181 2443 1013 2525; baseline -0.002 -18"><span class='ocrx_word' id='word_1_143' title='bbox 181 2451 258 2507; x_wconf 88' lang='lat' dir='ltr'>cium</span> <span class='ocrx_word' id='word_1_144' title='bbox 267 2448 387 2506; x_wconf 84' lang='lat' dir='ltr'>vestrum</span> <span class='ocrx_word' id='word_1_145' title='bbox 396 2443 566 2504; x_wconf 82' lang='lat' dir='ltr'>horiscerris</span> <span class='ocrx_word' id='word_1_146' title='bbox 576 2448 733 2506; x_wconf 85' lang='lat' dir='ltr'>decantate.</span> <span class='ocrx_word' id='word_1_147' title='bbox 755 2448 863 2505; x_wconf 87' lang='lat' dir='ltr'>Nullus</span> <span class='ocrx_word' id='word_1_148' title='bbox 872 2447 922 2505; x_wconf 75' lang='lat' dir='ltr'>nisi</span> <span class='ocrx_word' id='word_1_149' title='bbox 935 2453 1013 2525; x_wconf 79' lang='lat' dir='ltr'>jeju-</span> 
     </span>
     <span class='ocr_line' id='line_1_24' title="bbox 182 2521 1016 2593; baseline -0.002 -8"><span class='ocrx_word' id='word_1_150' title='bbox 182 2547 235 2585; x_wconf 83' lang='lat' dir='ltr'>nus</span> <span class='ocrx_word' id='word_1_151' title='bbox 244 2521 357 2583; x_wconf 81' lang='lat' dir='ltr'>Miffam</span> <span class='ocrx_word' id='word_1_152' title='bbox 367 2524 508 2593; x_wconf 82' lang='lat' dir='ltr'>celebret,</span> <span class='ocrx_word' id='word_1_153' title='bbox 526 2530 553 2580; x_wconf 75' lang='lat' dir='ltr'>dr</span> <span class='ocrx_word' id='word_1_154' title='bbox 568 2546 624 2583; x_wconf 87' lang='lat' dir='ltr'>non</span> <span class='ocrx_word' id='word_1_155' title='bbox 633 2528 662 2583; x_wconf 88' lang='lat' dir='ltr'>irr</span> <span class='ocrx_word' id='word_1_156' title='bbox 672 2526 791 2584; x_wconf 84' lang='lat' dir='ltr'>vestibus</span> <span class='ocrx_word' id='word_1_157' title='bbox 800 2528 1016 2593; x_wconf 84' lang='lat' dir='ltr'>communibus,</span> 
     </span>
     <span class='ocr_line' id='line_1_25' title="bbox 182 2602 1018 2679; baseline -0.002 -16"><span class='ocrx_word' id='word_1_158' title='bbox 182 2602 231 2664; x_wconf 87' lang='lat' dir='ltr'>sed</span> <span class='ocrx_word' id='word_1_159' title='bbox 240 2602 343 2673; x_wconf 81' lang='lat' dir='ltr'>sacris,</span> <span class='ocrx_word' id='word_1_160' title='bbox 364 2610 391 2661; x_wconf 67' lang='lat' dir='ltr'>dr</span> <span class='ocrx_word' id='word_1_161' title='bbox 402 2602 519 2673; x_wconf 83' lang='lat' dir='ltr'>nitidis,</span> <span class='ocrx_word' id='word_1_162' title='bbox 535 2606 661 2674; x_wconf 70' lang='lat' dir='ltr'>amidio,</span> <span class='ocrx_word' id='word_1_163' title='bbox 674 2605 760 2673; x_wconf 88' lang='lat' dir='ltr'>alba,</span> <span class='ocrx_word' id='word_1_164' title='bbox 775 2604 907 2679; x_wconf 76' lang='lat' dir='ltr'>cingulo,</span> <span class='ocrx_word' id='word_1_165' title='bbox 921 2607 1018 2663; x_wconf 84' lang='lat' dir='ltr'>mani-</span> 
     </span>
     <span class='ocr_line' id='line_1_26' title="bbox 182 2677 1018 2763; baseline -0.002 -22"><span class='ocrx_word' id='word_1_166' title='bbox 182 2684 255 2763; x_wconf 87' lang='lat' dir='ltr'>pulo</span> <span class='ocrx_word' id='word_1_167' title='bbox 264 2726 273 2753; x_wconf 91' lang='lat'><em>,</em></span> <span class='ocrx_word' id='word_1_168' title='bbox 290 2677 379 2752; x_wconf 86' lang='lat' dir='ltr'>stola,</span> <span class='ocrx_word' id='word_1_169' title='bbox 392 2686 419 2738; x_wconf 75' lang='grc' dir='ltr'>δι</span> <span class='ocrx_word' id='word_1_170' title='bbox 430 2678 524 2739; x_wconf 82' lang='lat' dir='ltr'>casula</span> <span class='ocrx_word' id='word_1_171' title='bbox 533 2724 541 2751; x_wconf 92' lang='lat'><strong><em>,</em></strong></span> <span class='ocrx_word' id='word_1_172' title='bbox 559 2698 619 2759; x_wconf 80' lang='lat' dir='ltr'>quae</span> <span class='ocrx_word' id='word_1_173' title='bbox 626 2682 661 2739; x_wconf 85' lang='lat' dir='ltr'>ad</span> <span class='ocrx_word' id='word_1_174' title='bbox 670 2684 743 2740; x_wconf 83' lang='lat' dir='ltr'>alios</span> <span class='ocrx_word' id='word_1_175' title='bbox 751 2680 877 2740; x_wconf 78' lang='lat' dir='ltr'>ususnon</span> <span class='ocrx_word' id='word_1_176' title='bbox 887 2679 1018 2741; x_wconf 82' lang='lat' dir='ltr'>serviant.</span> 
     </span>
     <span class='ocr_line' id='line_1_27' title="bbox 182 2758 1021 2839; baseline -0.004 -17"><span class='ocrx_word' id='word_1_177' title='bbox 182 2758 285 2822; x_wconf 72' lang='lat' dir='ltr'>Midas</span> <span class='ocrx_word' id='word_1_178' title='bbox 305 2762 356 2819; x_wconf 86' lang='lat' dir='ltr'>reli</span> <span class='ocrx_word' id='word_1_179' title='bbox 380 2759 439 2819; x_wconf 69' lang='lat' dir='ltr'>iord</span> <span class='ocrx_word' id='word_1_180' title='bbox 450 2760 598 2820; x_wconf 85' lang='lat' dir='ltr'>celebrate.</span> <span class='ocrx_word' id='word_1_181' title='bbox 625 2766 773 2839; x_wconf 86' lang='lat' dir='ltr'>Corpus&amp;</span> <span class='ocrx_word' id='word_1_182' title='bbox 786 2761 947 2838; x_wconf 76' lang='lat' dir='ltr'>sanguinem</span> <span class='ocrx_word' id='word_1_183' title='bbox 959 2766 1021 2819; x_wconf 90' lang='lat' dir='ltr'>Do-</span> 
     </span>
     <span class='ocr_line' id='line_1_28' title="bbox 183 2780 1019 2919; baseline -0.002 -19"><span class='ocrx_word' id='word_1_184' title='bbox 183 2780 545 2919; x_wconf 49' lang='lat' dir='ltr'>tnin&#39;inostriiesuchristi</span> <span class='ocrx_word' id='word_1_185' title='bbox 564 2842 717 2907; x_wconf 83' lang='lat' dir='ltr'>cumomni</span> <span class='ocrx_word' id='word_1_186' title='bbox 736 2841 893 2899; x_wconf 83' lang='lat' dir='ltr'>reverentia</span> <span class='ocrx_word' id='word_1_187' title='bbox 912 2846 939 2897; x_wconf 72' lang='grc' dir='ltr'>ει</span> <span class='ocrx_word' id='word_1_188' title='bbox 959 2859 1019 2899; x_wconf 91' lang='lat' dir='ltr'>tte-</span> 
     </span>
     <span class='ocr_line' id='line_1_29' title="bbox 185 2916 1023 2997; baseline -0.004 -16"><span class='ocrx_word' id='word_1_189' title='bbox 185 2941 264 2981; x_wconf 87' lang='lat' dir='ltr'>motc</span> <span class='ocrx_word' id='word_1_190' title='bbox 282 2917 393 2978; x_wconf 91' lang='lat' dir='ltr'>sumite.</span> <span class='ocrx_word' id='word_1_191' title='bbox 407 2918 577 2997; x_wconf 75' lang='lat' dir='ltr'>corporalia</span> <span class='ocrx_word' id='word_1_192' title='bbox 591 2916 769 2989; x_wconf 80' lang='lat' dir='ltr'>mundissima</span> <span class='ocrx_word' id='word_1_193' title='bbox 780 2917 842 2977; x_wconf 84' lang='lat' dir='ltr'>sint.</span> <span class='ocrx_word' id='word_1_194' title='bbox 866 2916 1023 2979; x_wconf 85' lang='lat' dir='ltr'>Vasasacra</span> 
     </span>
     <span class='ocr_line' id='line_1_30' title="bbox 186 2996 1020 3079; baseline 0 -21"><span class='ocrx_word' id='word_1_195' title='bbox 186 3000 313 3079; x_wconf 81' lang='lat' dir='ltr'>propriis¹</span> <span class='ocrx_word' id='word_1_196' title='bbox 334 2996 463 3063; x_wconf 84' lang='lat' dir='ltr'>manibus</span> <span class='ocrx_word' id='word_1_197' title='bbox 489 2998 622 3068; x_wconf 83' lang='lat' dir='ltr'>abluite,</span> <span class='ocrx_word' id='word_1_198' title='bbox 649 3003 676 3053; x_wconf 79' lang='lat' dir='ltr'>dr</span> <span class='ocrx_word' id='word_1_199' title='bbox 698 3001 839 3076; x_wconf 82' lang='lat' dir='ltr'>extergite</span> <span class='ocrx_word' id='word_1_200' title='bbox 858 2998 1020 3079; x_wconf 81' lang='lat' dir='ltr'>diligenter.</span> 
     </span>
     <span class='ocr_line' id='line_1_31' title="bbox 186 3074 1023 3143; baseline -0.005 -4"><span class='ocrx_word' id='word_1_201' title='bbox 186 3082 282 3139; x_wconf 89' lang='lat' dir='ltr'>Nulla</span> <span class='ocrx_word' id='word_1_202' title='bbox 294 3074 402 3138; x_wconf 86' lang='lat' dir='ltr'>femina</span> <span class='ocrx_word' id='word_1_203' title='bbox 410 3076 445 3135; x_wconf 90' lang='lat' dir='ltr'>ad</span> <span class='ocrx_word' id='word_1_204' title='bbox 453 3077 543 3135; x_wconf 88' lang='lat' dir='ltr'>altare</span> <span class='ocrx_word' id='word_1_205' title='bbox 555 3078 674 3134; x_wconf 87' lang='lat' dir='ltr'>Domini</span> <span class='ocrx_word' id='word_1_206' title='bbox 685 3078 816 3143; x_wconf 85' lang='lat' dir='ltr'>accedat,</span> <span class='ocrx_word' id='word_1_207' title='bbox 840 3099 890 3135; x_wconf 86' lang='lat' dir='ltr'>nec</span> <span class='ocrx_word' id='word_1_208' title='bbox 903 3079 1023 3137; x_wconf 86' lang='lat' dir='ltr'>calicem</span> 
     </span>
     <span class='ocr_line' id='line_1_32' title="bbox 188 3154 1023 3237; baseline -0.004 -19"><span class='ocrx_word' id='word_1_209' title='bbox 188 3160 312 3218; x_wconf 87' lang='lat' dir='ltr'>Domini</span> <span class='ocrx_word' id='word_1_210' title='bbox 323 3176 431 3237; x_wconf 80' lang='lat' dir='ltr'>tangat.</span> <span class='ocrx_word' id='word_1_211' title='bbox 457 3158 552 3215; x_wconf 84' lang='lat' dir='ltr'>Altarc</span> <span class='ocrx_word' id='word_1_212' title='bbox 562 3154 594 3214; x_wconf 86' lang='lat' dir='ltr'>srt</span> <span class='ocrx_word' id='word_1_213' title='bbox 610 3174 776 3235; x_wconf 87' lang='lat' dir='ltr'>coopertum</span> <span class='ocrx_word' id='word_1_214' title='bbox 790 3156 902 3221; x_wconf 80' lang='lat' dir='ltr'>mundis</span> <span class='ocrx_word' id='word_1_215' title='bbox 910 3158 1023 3221; x_wconf 88' lang='lat' dir='ltr'>linteis,</span> 
     </span>
     <span class='ocr_line' id='line_1_33' title="bbox 187 3232 1027 3313; baseline -0.005 -17"><span class='ocrx_word' id='word_1_216' title='bbox 187 3236 286 3296; x_wconf 78' lang='lat' dir='ltr'>saltem</span> <span class='ocrx_word' id='word_1_217' title='bbox 296 3237 386 3294; x_wconf 83' lang='lat' dir='ltr'>tribus</span> <span class='ocrx_word' id='word_1_218' title='bbox 394 3233 507 3293; x_wconf 78' lang='lat' dir='ltr'>diversis</span> <span class='ocrx_word' id='word_1_219' title='bbox 514 3261 523 3301; x_wconf 86' lang='lat'>;</span> <span class='ocrx_word' id='word_1_220' title='bbox 545 3242 571 3292; x_wconf 81' lang='lat' dir='ltr'>dc</span> <span class='ocrx_word' id='word_1_221' title='bbox 582 3234 699 3313; x_wconf 82' lang='lat' dir='ltr'>desuper</span> <span class='ocrx_word' id='word_1_222' title='bbox 708 3232 782 3293; x_wconf 86' lang='lat' dir='ltr'>nihil</span> <span class='ocrx_word' id='word_1_223' title='bbox 792 3254 912 3313; x_wconf 85' lang='lat' dir='ltr'>ponatur</span> <span class='ocrx_word' id='word_1_224' title='bbox 922 3233 974 3311; x_wconf 77' lang='lat' dir='ltr'>nisi</span> <span class='ocrx_word' id='word_1_225' title='bbox 984 3256 1027 3292; x_wconf 89' lang='lat' dir='ltr'>re-</span> 
     </span>
     <span class='ocr_line' id='line_1_34' title="bbox 185 3309 1026 3395; baseline -0.007 -20"><span class='ocrx_word' id='word_1_226' title='bbox 185 3316 327 3395; x_wconf 76' lang='lat' dir='ltr'>liquiaeac</span> <span class='ocrx_word' id='word_1_227' title='bbox 336 3335 378 3374; x_wconf 79' lang='lat' dir='ltr'>ter</span> <span class='ocrx_word' id='word_1_228' title='bbox 391 3311 471 3373; x_wconf 76' lang='lat' dir='ltr'>facta</span> <span class='ocrx_word' id='word_1_229' title='bbox 481 3320 508 3371; x_wconf 77' lang='lat' dir='ltr'>dc</span> <span class='ocrx_word' id='word_1_230' title='bbox 522 3334 572 3389; x_wconf 87' lang='lat' dir='ltr'>pro</span> <span class='ocrx_word' id='word_1_231' title='bbox 585 3310 901 3391; x_wconf 77' lang='lat' dir='ltr'>sacrificioopportunae.</span> <span class='ocrx_word' id='word_1_232' title='bbox 922 3309 1026 3371; x_wconf 72' lang='lat' dir='ltr'>Missa-</span> 
     </span>
     <span class='ocr_line' id='line_1_35' title="bbox 189 3387 1027 3471; baseline -0.005 -17"><span class='ocrx_word' id='word_1_233' title='bbox 189 3396 238 3464; x_wconf 87' lang='lat' dir='ltr'>le,</span> <span class='ocrx_word' id='word_1_234' title='bbox 257 3394 453 3459; x_wconf 82' lang='lat' dir='ltr'>Breviatium‚</span> <span class='ocrx_word' id='word_1_235' title='bbox 474 3400 501 3467; x_wconf 73' lang='grc' dir='ltr'>δι</span> <span class='ocrx_word' id='word_1_236' title='bbox 514 3393 759 3470; x_wconf 83' lang='lat' dir='ltr'>Martyrologinm</span> <span class='ocrx_word' id='word_1_237' title='bbox 772 3387 1027 3471; x_wconf 83' lang='lat' dir='ltr'>unusquisquehu-</span> 
     </span>
     <span class='ocr_line' id='line_1_36' title="bbox 190 3468 1025 3547; baseline -0.006 -15"><span class='ocrx_word' id='word_1_238' title='bbox 190 3473 263 3532; x_wconf 83' lang='lat' dir='ltr'>beat.</span> <span class='ocrx_word' id='word_1_239' title='bbox 285 3470 411 3532; x_wconf 81' lang='lat' dir='ltr'>Ecclcfiae</span> <span class='ocrx_word' id='word_1_240' title='bbox 425 3473 517 3531; x_wconf 74' lang='lat' dir='ltr'>vesttae</span> <span class='ocrx_word' id='word_1_241' title='bbox 534 3469 585 3528; x_wconf 81' lang='lat' dir='ltr'>sint</span> <span class='ocrx_word' id='word_1_242' title='bbox 596 3470 664 3528; x_wconf 88' lang='lat' dir='ltr'>bene</span> <span class='ocrx_word' id='word_1_243' title='bbox 673 3477 812 3547; x_wconf 72' lang='lat' dir='ltr'>cooperta</span> <span class='ocrx_word' id='word_1_244' title='bbox 824 3474 850 3523; x_wconf 77' lang='grc' dir='ltr'>δι</span> <span class='ocrx_word' id='word_1_245' title='bbox 859 3468 974 3526; x_wconf 77' lang='lat' dir='ltr'>munda.</span> <span class='ocrx_word' id='word_1_246' title='bbox 990 3472 1025 3527; x_wconf 87' lang='lat' dir='ltr'>In</span> 
     </span>
     <span class='ocr_line' id='line_1_37' title="bbox 190 3544 1026 3624; baseline -0.007 -13"><span class='ocrx_word' id='word_1_247' title='bbox 190 3544 1026 3624; x_wconf 79' lang='lat' dir='ltr'>sacristiisfivesecretariisautjuxtaaltaremajussrtlocus</span> 
     </span>
     <span class='ocr_line' id='line_1_38' title="bbox 193 3625 1026 3710; baseline -0.006 -20"><span class='ocrx_word' id='word_1_248' title='bbox 193 3648 360 3710; x_wconf 72' lang='lat' dir='ltr'>preparatus</span> <span class='ocrx_word' id='word_1_249' title='bbox 370 3630 406 3690; x_wconf 82' lang='lat' dir='ltr'>ad</span> <span class='ocrx_word' id='word_1_250' title='bbox 414 3626 619 3691; x_wconf 80' lang='lat' dir='ltr'>infundendum</span> <span class='ocrx_word' id='word_1_251' title='bbox 634 3645 739 3706; x_wconf 85' lang='lat' dir='ltr'>aquam</span> <span class='ocrx_word' id='word_1_252' title='bbox 750 3625 905 3684; x_wconf 79' lang='lat' dir='ltr'>ablutionis</span> <span class='ocrx_word' id='word_1_253' title='bbox 920 3646 1026 3705; x_wconf 82' lang='lat' dir='ltr'>corpo·</span> 
     </span>
    </p>
   </div>
   <div class='ocr_carea' id='block_1_7' title="bbox 772 3706 889 3804">
    <p class='ocr_par' dir='ltr' id='par_1_7' title="bbox 772 3706 889 3804">
     <span class='ocr_line' id='line_1_39' title="bbox 772 3706 889 3804; baseline 0 0"><span class='ocrx_word' id='word_1_254' title='bbox 772 3706 889 3804; x_wconf 71' lang='lat' dir='ltr'>Qu·</span> 
     </span>
    </p>
   </div>
   <div class='ocr_carea' id='block_1_8' title="bbox 0 0 1505 4359">
    <p class='ocr_par' dir='ltr' id='par_1_8' title="bbox 0 0 1505 4359">
     <span class='ocr_line' id='line_1_40' title="bbox 0 0 1505 4359; baseline 0 0"><span class='ocrx_word' id='word_1_255' title='bbox 0 0 1505 4359; x_wconf 95' lang='lat' dir='ltr'> </span> 
     </span>
    </p>
   </div>
  </div>
 </body>
</html>
