2917 4359
113 152 173 227 t*
254 154 258 157 ,

351 152 511 191 *W*

312 316 572 385 ncTouuM
607 322 873 386 vETunuM.
956 337 1019 399 σω·

185 404 308 465 vestrum
318 424 426 465 vocate.
446 402 537 460 Estote
544 396 719 479 hospitales,
732 403 798 459 aliis
805 404 906 463 exinde
914 408 1022 469 bonum

185 485 349 561 exemplum
363 478 549 563 perhibentes.
565 478 692 557 Singulis
702 478 800 538 diebus
806 479 958 545 dominicis
969 510 1023 547 au-

189 580 220 621 te
233 560 464 641 Missamaquam
477 578 537 648 pua
572 579 590 617 o
631 558 674 619 lus
688 554 852 644 aspergatur
862 561 1026 629 benedicite,

189 640 226 701 ad
238 644 317 720 quod
331 661 380 702 vas
381 652 535 777 proprium
552 578 695 704 iniicere.
723 642 797 698 Vasa
811 636 888 699 sacta
902 646 930 699 bt
941 647 1027 704 velli·

188 740 287 779 menta
305 719 379 780 sacer
400 716 491 777 oralia
510 716 601 777 nolite
614 718 787 799 negotiatori
803 736 853 777 aut
868 719 1028 784 tabernario

188 800 220 857 in
235 798 417 878 pignusdare.
432 794 530 856 Minius
541 796 628 877 digne
642 798 1027 881 poenitentemcujuscunque

188 880 232 937 tei
245 880 339 957 gratia
354 879 390 937 ad
410 876 676 936 reconciliationem
692 898 750 935 non
769 876 919 951 adducite,
936 898 988 939 uec
1001 886 1030 941 ei
1094 941 1105 965 ἴ

188 959 435 1017 reconciliationis
453 958 648 1017 testimonium
672 954 826 1035 perhibete.
856 955 956 1019 Usuras
971 977 1030 1020 nou
1098 968 1110 992 '

188 1036 307 1115 exigite.
322 1038 385 1097 Nec
398 1035 547 1095 facultates
559 1036 663 1095 vestras
678 1036 738 1114 post
747 1035 959 1097 ordinationem
972 1060 1025 1098 ve-

189 1116 275 1174 stram
284 1114 563 1197 acquisitasalitnate
573 1117 727 1194 ‚quoniam
739 1113 861 1175 Ecclesia
869 1112 940 1176 sunt.
956 1119 1032 1177 Nul-

192 1194 237 1253 lus
257 1197 345 1254 etiarn
360 1215 420 1267 tes,
434 1190 624 1273 possessiones,
639 1212 689 1254 aut
708 1196 884 1274 mancipium
904 1196 1030 1257 Ecclestoe

184 1274 326 1348 ¹ucttdere,
339 1294 515 1333 commutare
522 1317 532 1345 ,
545 1292 596 1333 aur
609 1293 778 1354 quocunque
796 1278 913 1354 ingenio
922 1276 1029 1356 praesu·¹

113 1402 114 1407 ,
192 1371 255 1411 mat
265 1354 398 1413 alienare.
410 1353 519 1413 Nullus
531 1352 670 1412 decimam
679 1354 796 1413 alterius
805 1356 933 1435 recipiat·
946 1359 1030 1416 Nul-

191 1432 238 1491 lus
249 1434 440 1523 ¹ptirnitentetrr
457 1435 568 1492 carnem
582 1432 809 1493 manducareaut
820 1454 917 1495 vinum
933 1434 1029 1496 bibere

113 1510 114 1577 ᾗ
192 1512 297 1571 invitet
310 1510 361 1571 nili
374 1533 426 1591 pro
438 1533 473 1571 eo
486 1529 552 1571 tunc
563 1510 754 1591 elemosynam
770 1509 880 1577 feeerit.
899 1512 1031 1595 Qisque¹

192 1587 286 1649 sontes
296 1588 476 1671 baptismales
483 1590 607 1669 lapideos
617 1589 719 1650 habeat
728 1592 797 1649 bene
806 1592 943 1653 mundos:
956 1608 1030 1673 quos

113 1672 114 1675 ’
193 1668 391 1731 fihaberenon
404 1668 718 1750 poteritqvasaliudad
727 1666 782 1731 hoc
795 1691 865 1749 opus
874 1669 1029 1732 solumde-

193 1766 324 1887 puratum
334 1770 435 1810 teneat.
456 1747 600 1809 Omnibus
610 1746 805 1839 parrochianis
818 1750 1031 1811 ventissimbos

207 1848 256 1887 um
268 1834 295 1887 bt
307 1833 466 1891 orationem
474 1829 647 1888 dominicam
658 1836 684 1889 δι
696 1830 806 1909 jejunia
812 1846 947 1910 quattuor
960 1836 1032 1891 tem*

113 1914 115 1983 ξ
194 1926 297 1987 porum
313 1914 341 1965 δι
352 1910 410 1968 alia
425 1907 551 1967 Ecclesia
565 1906 697 1969 mandata
709 1905 864 1989 significate
877 1907 1033 1972 observan-

113 1986 115 2037 ἓ
194 1986 241 2046 da.
255 1986 579 2069 Antequadragesrmarn
588 1986 1034 2069 quattaseriapopirltrmadcou-

113 2078 115 2137 l
193 2064 342 2126 scslionem
362 2067 531 2138 admonete,
561 2074 589 2126 &
610 2064 737 2127 confcffis
758 2070 840 2144 juxta
859 2065 1032 2147 qualirdtem'

195 2147 325 2205 criminis
345 2148 543 2226 poenitentiam
560 2149 712 2225 injungite.
733 2147 840 2205 Tribus
856 2148 1032 2226 temporibus

113 2268 115 2293 f
196 2226 227 2283 in
236 2245 329 2297 anno,
342 2226 371 2285 id
384 2225 439 2292 est,
453 2225 576 2297 Natalis¹
584 2227 721 2295 Domini,
737 2221 834 2297 Pasce,
851 2226 879 2285 dt
894 2230 1035 2286 Penteco-

113 2350 114 2371 2
196 2300 1036 2385 stes,omnesfidelesaccedercadcommunionemcor'poris

113 2380 114 2447 }
198 2386 322 2443 Domini
336 2387 423 2445 nostri
436 2382 502 2461 Jesu
522 2382 627 2443 Christi
641 2384 779 2453 invitate,
796 2389 823 2442 dt
835 2404 870 2443 ne
884 2383 1035 2474 desitquirt'

114 2464 115 2469 ’
197 2460 297 2524 saltem
318 2460 465 2542 '3intl’asca
492 2465 709 2523 communicent.
744 2463 836 2523 Certis
858 2464 1036 2543 temporibus

113 2608 114 2611 Ἴ
199 2546 369 2622 conjugatos
379 2543 414 2602 ab
424 2543 559 2601 uxoribus
566 2542 701 2603 abstinete
709 2539 912 2604 exhortemini.
925 2543 1038 2603 Nullus

113 2640 115 2691 ξ
199 2622 323 2680 veslrum
333 2623 429 2682 rubeis
439 2622 636 2681 autviridibus
646 2620 764 2682 vestibus
773 2639 880 2679 utatnn
891 2622 978 2679 Diem
987 2619 1038 2681 do·

199 2702 336 2761 minicam
352 2708 379 2760 bt
394 2720 499 2761 ttteras
513 2698 679 2761 festivitates
695 2698 798 2780 absque
809 2715 896 2777 opere
908 2696 1037 2761 servilii

200 2778 510 2860 vesperaadtesperam
522 2779 658 2840 celebrari
673 2778 781 2839 docete.
804 2782 951 2839 Cantus&
961 2778 1038 2838 cho·

201 2880 262 2919 reas
270 2862 424 2921 mulierum
433 2863 463 2919 in
471 2862 547 2919 atrio
556 2854 677 2919 Ecclcfiae
686 2855 748 2917 fieri
758 2856 914 2938 prohibete.
937 2857 1039 2921 lnc'an·
1126 2919 1130 2926 ,

200 2942 324 3001 tationes
335 2938 416 3019 supet
432 2958 560 2998 mortuns
574 2940 721 2999 nostutnis
731 2939 906 3017 temporibus
919 2934 1035 3018 {vulgo

113 3058 117 3103 p
202 3015 264 3078 fieri
272 3018 418 3080 consuetas
427 3016 475 3077 sub
486 3020 670 3078 obtestatione
680 3009 738 3075 Ddi
746 3018 952 3105 omnipotentis
960 3036 1037 3077 veta·

113 3108 115 3177 ᾗ
200 3118 238 3157 tc.
266 3104 340 3160 Cum
357 3100 611 3159 excommunicatis
630 3098 722 3158 nolite
742 3099 970 3163 communicaret
986 3115 1039 3157 ncc

113 3178 115 3207 ⁵
201 3179 267 3316 puis
276 3182 396 3237 vestrum
410 3181 450 3237 cis
461 3178 504 3237 vel
514 3180 543 3236 in
552 3197 649 3238 eorum
658 3172 951 3258 prasentiaceltbrare
963 3193 1036 3254 prce-

216 3274 303 3315 umat.
318 3254 402 3333 Qud
418 3258 505 3317 etiam¹
522 3258 596 3337 plebi
612 3256 763 3324 nunciate,
776 3251 1037 3337 &qubdnullusex

204 3335 286 3415 plebe
304 3354 423 3395 uxorem
436 3335 553 3395 domurn
564 3337 648 3395 ducat
660 3332 711 3393 uisr
721 3329 796 3414 pride
812 3334 915 3412 nuptia
922 3350 1037 3411 tempo-

204 3414 282 3473 ribus
295 3414 331 3473 ab
347 3414 467 3476 Ecclefia
482 3412 616 3493 permisis
629 3411 742 3491 publice
756 3409 863 3469 fuerint
882 3409 1034 3468 celebrate.

200 3492 291 3573 de
309 3495 403 3555 nnllus
417 3494 454 3553 ad
473 3512 582 3573 raptam
597 3492 644 3552 uel
656 3488 893 3567 consanguineam
903 3489 1035 3559 accedat,

206 3574 380 3651 autaltcrius
392 3569 519 3653 sponsam
529 3574 633 3642 ducat,
648 3558 779 3630 omnibus
787 3566 943 3647 prohibete.
964 3571 1037 3625 Por-

206 3654 296 3715 carios
307 3658 334 3729 §t
345 3652 418 3713 alios
426 3652 548 3732 pastores
557 3651 655 3714 saltem
664 3650 819 3710 Dominica
828 3645 940 3705 faciatis
952 3664 1037 3709 voca·

824 3724 901 3819 Q
