2917 4359
417 281 485 370 428
605 273 837 341 Sucuuon
864 291 1114 346 urrunnu

417 393 492 443 rant
504 365 689 469 Episcopus
700 391 912 458 convocans,
926 373 964 440 in
973 392 1088 444 eorum
1101 374 1253 474 conspe,

420 473 478 541 ἃιι
497 467 631 542 libellos
649 491 737 564 quos
756 489 928 569 acceperat
944 471 1092 541 incendit
1109 475 1250 548 dicens:

419 565 619 662 Vosdqeslis
628 564 1015 657 ‚ivrroDeecenslituei
1034 571 1260 659 Irefflnrer

419 668 597 759 ooscausu
606 661 989 762 vestrudisponireequiae
997 664 1263 763 dignumnoness

420 786 520 836 utros
530 764 709 853 jndicem
718 760 806 836 deos.
822 765 1018 860 Antiquitas
1034 769 1070 833 in
1079 767 1254 867 republica

422 865 593 962 Principes
603 859 761 949 fuerunt,
771 865 958 960 quiverunt
968 865 1083 933 Deum
1100 864 1255 938 nescien.

420 984 471 1034 tes
482 963 584 1050 ,deos
600 960 731 1060 ligneos
749 961 946 1060 &lapideos
961 959 1141 1042 colebant,
1152 971 1251 1037 &ta-

419 1083 500 1132 men
515 1084 634 1131 eorum
651 1057 877 1131 sacerdotibus
884 1058 1054 1130 honorem
1061 1065 1250 1138 marimum
1344 1114 1345 1119 κ

420 1159 622 1231 tribuerunt.
1344 1190 1345 1199 ¹

467 1259 560 1326 Hinc
576 1257 624 1326 est
641 1279 723 1354 ergo
740 1253 858 1352 quod,
871 1257 1020 1353 exceptis
1037 1257 1249 1353 criminibus,

415 1357 590 1425 neminem
606 1351 814 1424 sacerdotum
836 1357 1021 1450 Gregorius
1036 1355 1250 1454 deponebat,

417 1455 527 1524 immo
536 1477 600 1552 pro
614 1451 832 1549 qualitatibus
851 1449 1056 1522 deli&orum
1076 1454 1251 1528 venialiter

419 1549 837 1652 communioneprivabat.

467 1653 503 1722 si
513 1649 651 1749 quando
669 1653 771 1746 igitur
780 1648 875 1747 supet
882 1645 1094 1720 sacerdotum
1101 1655 1251 1721 crimini·

422 1753 484 1818 bus
493 1771 564 1820 erat
571 1747 699 1844 aliquid
707 1747 1050 1838 ventilandum,cum
1060 1745 1188 1819 summa
1195 1751 1249 1820 di-

423 1845 597 1917 strictione
604 1845 794 1943 grandique
803 1844 932 1916 cautela
942 1849 1125 1945 Gregorius
1134 1844 1251 1916 inius-

423 1943 582 2045 cujusque
598 1943 737 2040 capituli
753 1943 912 2015 modulos
927 1967 1099 2038 quaerens,
1116 1941 1232 2017 senten
1239 1948 1265 2007 -'

424 2042 507 2113 tiam
535 2041 630 2114 suam
652 2045 759 2141 magis
781 2041 960 2113 difficulter
976 2045 1084 2139 quim
1110 2043 1256 2117 faciliter

424 2139 911 2242 promulgabatdioenerum
920 2141 1042 2210 cunila
1050 2147 1189 2241 negotia
1197 2149 1253 2215 in-

423 2241 583 2338 dagandae
591 2239 801 2310 solicitudine
810 2240 959 2310 veritatis
966 2239 1159 2337 indigeant,
1178 2263 1253 2313 tum

425 2361 501 2432 qua
510 2340 561 2409 ad
576 2339 803 2436 dejefflonem
821 2335 1073 2408 sacerdotalium
1087 2341 1255 2436 graduum

423 2433 689 2518 sunrdistristitls
700 2435 957 2519 trutinanda,in
972 2435 1092 2532 quibus
1100 2459 1255 2512 nontam

424 2533 466 2603 de
476 2533 659 2614 humilibus
668 2533 857 2606 constitutis
866 2533 972 2631 quam
982 2535 1026 2604 de
1035 2535 1155 2606 divinar
1165 2563 1258 2636 quo-

424 2633 610 2706 dammodo
625 2632 871 2710 benedictinus
893 2629 1122 2729 refragatione
1138 2657 1257 2708 emta.

425 2749 493 2804 tur.
512 2735 608 2805 Nam
624 2755 728 2832 grave
744 2727 822 2802 satis
832 2731 879 2800 est
895 2735 932 2801 δι
950 2732 1110 2803 indecens
1119 2757 1157 2807 ut
1171 2740 1257 2808 inre

425 2828 526 2900 dubia
535 2851 626 2902 certa
634 2827 953 2903 dicatursenteutia.
974 2859 978 2866 ·

469 2977 508 3048 N
510 2997 529 3042 e
537 2975 723 3050 sacerdotes
737 2979 900 3066 Domini,
910 2973 1227 3076 ficutvulgussolct,

515 3077 625 3170 jurare
635 3075 891 3175 compellantur.
912 3076 1176 3181 Corneliurl'apa

626 3177 711 3288 Rufo
720 3173 870 3246 orientali
877 3170 1043 3278 Eplftvpt.

115 3361 116 3374 i
235 3330 329 3384 emet.
348 3333 408 3397 rapa
473 3317 682 3398 XXXIV.
697 3317 1252 3394 Sacramentumhastenusisum-

235 3397 407 3513 {fflffiffi
426 3417 489 3486 mis
498 3415 722 3488 sacerdotibus
732 3419 787 3489 vel
794 3420 931 3516 reliquis
944 3421 1034 3516 exigi
1050 3441 1112 3514 pro
1120 3416 1186 3488 fide
1193 3437 1253 3484 re-

237 3537 344 3584 ocur·
427 3514 482 3584 &a
497 3519 720 3614 cognovimus
732 3571 745 3603 ,
758 3515 1014 3616 necsponteeos
1030 3511 1257 3614 jurafferepe·

425 3614 542 3692 rimus.
558 3615 783 3714 summopere
799 3613 1139 3714 ergosanstuslacob
1158 3615 1258 3711 Apo-
