2917 4359
442 363 523 432 :422
587 340 756 408 Parui.
786 335 1194 409 narrumRraru.

458 437 518 506 stls
543 457 606 504 nos
631 455 726 504 orare
747 432 932 505 litterarum
952 431 1066 504 forma
1095 434 1301 533 praestiutit?

460 535 690 602 Benedieimus
713 530 845 603 fontem
862 529 1088 630 baptismatis,
1098 531 1217 602 oleum
1228 555 1301 602 un-
1318 605 1322 608 ,

461 631 597 704 filionis.
632 633 711 700 Huc
728 634 857 702 accedit
873 630 969 728 quiid
985 653 1036 700 ter
1051 634 1295 728 immergimus

462 753 549 824 quos
561 727 791 828 baptizamus,
803 729 881 798 oleo
889 731 1067 826 unguimus
1079 727 1210 814 ‚verbis
1225 729 1295 800 ab·

460 832 650 898 renuntiare
668 828 798 897 Satanae
815 825 992 922 &angelis
1011 833 1084 924 ejus
1110 825 1263 896 informa
1274 874 1294 887 -

362 973 368 980 -
459 947 549 996 inus.
568 925 671 996 Unde
691 923 764 994 haec
780 933 817 998 &
833 923 899 995 alia
912 922 1047 995 inhunc
1055 923 1196 993 modum
1216 947 1292 994 non

380 1060 386 1071 ·
485 1045 566 1092 auca
575 1021 634 1093 nifi
644 1021 1136 1122 tacitaacmysticatraditione
1150 1027 1292 1120 aparti-

324 1143 335 1159 ··
446 1046 521 1188 ‘lus
538 1119 757 1190 ecclesrastico
766 1143 862 1191 more
874 1121 1090 1189 reverentiori
1113 1119 1293 1216 diligentia

458 1218 494 1382 ln
503 1217 667 1328 mysteriis
678 1215 853 1290 observata
862 1216 1108 1314 filentioquam
1119 1216 1293 1316 publicata

473 1332 593 1412 cripte?

711 1464 797 1531 Item
814 1481 883 1564 cap.
903 1486 959 1532 xx
975 1485 1035 1535 rx.

270 1599 360 1680 malus
373 1630 395 1676 tn
407 1645 443 1694 ep.
506 1611 579 1680 Lx
591 1613 606 1678 l
618 1615 664 1686 V.
680 1608 807 1682 Deficit
819 1631 873 1679 me
887 1609 957 1679 dies
973 1607 998 1678 st
1017 1605 1159 1706 singulas
1169 1609 1288 1679 Eccle-

270 1693 442 1819 solchl2¹12¹²7¹·&
459 1703 775 1780 fiaeconsuetudines
786 1711 983 1805 explicatum
994 1706 1180 1873 aggrediar.
1188 1708 1289 1803 Quid

272 1836 312 1876 ω.
458 1804 554 1900 plura
572 1823 583 1878 a
602 1806 711 1904 ipsam
728 1803 1006 1876 confeffionemfi
1031 1809 1063 1872 ei
1080 1805 1237 1874 credendi
1247 1809 1290 1876 in

458 1903 591 1971 Patrem
612 1913 648 1976 &
665 1902 784 1972 lilium
804 1911 841 1975 &
858 1903 1019 2016 §piritum
1036 1897 1184 1972 santium
1200 1907 1285 1997 quis

454 1999 553 2070 nobis
571 1999 696 2100 scripto
713 1997 982 2094 insinuavit‚nis1
1019 1997 1287 2098 uidbaptisma-

454 2100 496 2166 tis
517 2097 732 2170 traditionem
743 2025 1082 2196 consequenterldei
1090 2101 1195 2197 pietas
1203 2102 1288 2168 imi-

454 2198 1289 2302 tatur,&utbaptizamur,ita&credimtu?Q

452 2293 569 2364 diebus
577 2295 668 2366 fellis
676 2295 836 2392 scriptura
844 2292 966 2364 stantes
976 2319 1039 2364 nos
1049 2316 1145 2365 orare
1152 2318 1285 2391 praece·

452 2391 525 2556 git,
538 2391 692 2487 profestis
710 2414 904 2464 autemnon
922 2391 966 2462 fic
976 2411 988 2465 2
1000 2397 1087 2492 Ergo
1104 2389 1129 2460 li
1143 2411 1197 2462 tot
1208 2417 1289 2464 non

469 2490 577 2588 cripte
597 2493 718 2560 tradita
734 2486 809 2560 usus
827 2489 977 2561 Ecclefiae
988 2491 1043 2590 pia
1051 2509 1185 2587 accepta
1204 2515 1290 2592 my.

453 2583 536 2656 stica
559 2585 793 2660 observatione
818 2589 988 2680 custodit,
1015 2612 1087 2659 non
1103 2585 1284 2662 absurdum

452 2685 561 2756 immo
570 2687 789 2785 apostolicum
799 2687 942 2772 arbitror
951 2692 1053 2757 etiam
1065 2711 1137 2758 non
1145 2687 1284 2786 scriptas

453 2784 650 2856 traditiones
662 2785 933 2858 firmitettenere.
954 2786 1288 2886 Laudovos‚inquit

449 2881 634 2977 Apostolus
648 2883 796 2976 ,quidin
806 2882 951 2954 omnibus
967 2907 1117 2954 memoret
1128 2885 1288 2975 medellis,

447 2979 489 3053 tl*
501 2981 589 3069 ficut
602 2981 726 3052 tradidi
732 2981 824 3052 vobis
833 2980 1024 3053 traditiones
1038 2985 1163 3053 tenetis.
1181 2986 1225 3051 Et
1235 2983 1285 3052 il-
1336 3038 1338 3059 s

445 3072 502 3144 lud
517 3099 525 3145 ε
539 3077 668 3150 Tenetis
676 3079 865 3150 traditiones
881 3101 962 3181 quas
975 3078 1131 3182 accepistis
1138 3078 1212 3174 five
1224 3101 1290 3182 per
1335 3072 1337 3140 Ᾰ

439 3170 615 3259 sermonem
636 3176 710 3268 five
731 3173 904 3279 epistolam.
932 3179 1040 3276 Igitur
1061 3177 1139 3247 licit
1164 3181 1202 3247 in
1223 3203 1287 3249 ore

446 3269 588 3341 duorum
600 3274 655 3344 vel
668 3278 769 3344 trium
780 3275 911 3346 testium
930 3275 992 3346 stet
1001 3298 1103 3346 omne
1121 3274 1284 3364 verbum,

443 3366 578 3439 diversis
592 3373 653 3443 niti
663 3373 829 3471 exemplis
840 3372 1031 3465 maluimus,
1041 3371 1163 3469 quibus
1171 3371 1286 3442 ercle-

440 3463 575 3537 liasticae
584 3469 832 3542 consuetudinis
850 3469 1282 3565 observantiamamajoti.

443 3556 504 3630 bus
523 3565 658 3638 duliam
676 3593 740 3666 pro
760 3570 835 3669 lege
845 3569 1023 3642 tenendam
1035 3563 1281 3672 persuafibilius

440 3661 575 3738 eruditis
592 3663 757 3746 clarescat.
1127 3720 1131 3731 ·
