2917 4359
415 275 908 382 PR'AEFA'sio.
1049 348 1052 355 -

222 414 348 495 reteri
416 415 547 527 opiam
562 409 775 525 exemplari
787 411 1097 525 M8.fiquodin

221 521 355 607 barse
384 549 407 605 e
427 522 620 607 bonarum
640 521 840 607 literarum
858 525 1016 607 Lutetia
1032 553 1095 609 re-

221 639 338 750 periri
350 632 490 751 poffet.
502 637 613 753 Juvit
636 636 841 719 confilium
859 664 990 719 meum
1010 637 1097 738 fon,

220 770 328 835 tuna.
363 752 475 833 Nam
498 752 593 835 cum
616 749 726 835 fortb
747 749 890 833 eodem
915 772 1095 865 tempore

219 860 327 943 aliud
351 889 565 1057 parerem
586 866 627 944 in
652 859 755 943 libro
784 862 834 943 de
857 866 1096 976 poenitentia

219 973 363 1055 editoa
403 976 655 1060 eruditissimo
665 976 909 1092 virojoanne
929 977 1094 1057 Morino

154 1092 158 1100 ’
221 1088 459 1202 Preibytero
518 1089 680 1204 Congre
733 1091 881 1169 tionis‘
914 1088 1094 1198 Oratorij
1131 1124 1239 1204 “x

220 1201 392 1293 Domini
413 1200 627 1317 nostriJesu
649 1202 685 1287 C
739 1200 818 1305 'sti,
836 1200 1095 1285 animadverti

218 1312 271 1393 ab
284 1312 537 1393 eointerdum
555 1313 752 1395 laudatam
766 1312 870 1396 hanc
891 1312 1093 1397 colledio-
1141 1313 1147 1321 ’

220 1446 312 1504 nem
337 1426 552 1538 Reginonis
573 1454 622 1509 ex
643 1431 767 1509 veteri
791 1428 930 1513 codice
946 1425 1093 1541 scripto

221 1537 463 1650 temporibus
479 1540 647 1621 Ottonis
685 1542 798 1644 rimi,
820 1565 866 1622 ut
875 1540 954 1656 ipse
963 1540 1092 1623 existi.

219 1672 312 1731 mat.
347 1652 448 1732 Hoc
471 1651 618 1733 indicio
642 1568 770 1756 dero,
792 1655 888 1737 cium
908 1681 991 1735 non
1020 1652 1092 1733 du-

218 1758 382 1842 bitarem
407 1768 503 1875 quin
519 1768 549 1845 is
559 1762 658 1847 liber
667 1764 798 1846 adbuc
806 1789 962 1848 extaret
980 1770 1021 1849 in
1033 1763 1092 1847 bi.

219 1869 421 1956 bliotheca
437 1878 612 1989 Oratorij
628 1878 868 1983 Parisrenfis,
891 1879 991 1961 adeo
1011 1877 1091 1960 cla.

218 1986 400 2069 riffimum
428 1985 498 2073 scri
529 2013 657 2074 torem
689 1989 886 2073 annalium
908 1991 1092 2076 Ecclesiae

135 2190 140 2197 ,
218 2099 458 2191 Francorum
482 2018 671 2187 datorum
691 2102 727 2186 le
750 2106 898 2189 Cointe
919 2104 1093 2216 ejusdem

164 2302 166 2309 ,
221 2205 869 2332 CongregationisPreibyterirm,
886 2222 1093 2334 interrogo

216 2323 377 2409 ubinam
390 2357 495 2411 nunt
514 2354 625 2413 extet
646 2354 758 2415 vetus
770 2330 897 2413 codex
910 2334 1090 2447 Regino-
1186 2416 1191 2423 .

217 2442 274 2522 nis
285 2441 309 2522 d
320 2443 485 2525 Morino
497 2442 700 2550 laudatus,
714 2454 811 2563 peto
820 2442 984 2527 utillum
994 2442 1092 2527 mihi

216 2552 412 2639 exhibeat.
436 2558 543 2637 Tum
560 2556 647 2661 ille,
663 2582 708 2639 ut
717 2558 774 2639 est
782 2561 947 2642 omnino
967 2562 1091 2639 comis

217 2667 538 2778 ac'perurbanus,
558 2696 605 2751 ac
619 2670 714 2753 mibi
753 2675 909 2753 rivatim
928 2676 1089 2773 amicus,

215 2774 363 2861 babere
385 2778 423 2863 se
444 2779 643 2896 respondit
655 2788 696 2863 in
720 2699 963 2866 bibliotheca
979 2783 1091 2865 codi·

217 2916 305 2971 tem
316 2890 426 2975 illum
444 2960 457 2997 ,
479 2894 736 2977 acmoxmihi
756 2895 1089 2992 inmanusdedit.
1189 2949 1192 2960 -

215 3001 337 3085 Liber
346 3008 402 3091 est
413 3005 505 3093 sant
521 3008 829 3121 antiquissimus,
850 3005 992 3122 suppar
1007 3012 1090 3095 lte.

217 3120 380 3227 ginoni,
403 3144 450 3203 ut
462 3122 568 3207 reat
591 3118 802 3203 arbitratus
820 3122 878 3204 est
892 3124 1087 3207 Morinus.

217 3230 347 3313 Hunc
369 3258 446 3348 ego
465 3235 616 3318 contuli
637 3263 728 3317 cum
750 3235 886 3340 edito,
909 3240 1089 3350 Regino.

212 3344 391 3457 ne'mque
402 3351 611 3431 innumeris
631 3349 922 3464 propemodum
940 3346 1090 3430 inlotis
1108 3360 1114 3373 ’

216 3458 445 3565 emendavi,
464 3460 635 3568 restitui,
659 3460 819 3577 perfeci.
833 3457 939 3545 Illud
948 3460 1089 3544 dolen.

214 3566 336 3677 dum,
359 3570 766 3669 deeffemcodiceido
786 3572 1011 3684 odofolia,
1028 3578 1089 3668 nia.
