2917 4359
99 163 245 272 F„

296 352 583 425 ACTORUM
627 348 919 418 VETERUM.
974 368 1028 417 621

205 460 358 526 corporum
384 449 412 499 R
439 434 637 517 phantasmata
664 452 804 494 vanarum
828 438 1036 513 cogitationum

206 544 344 585 meatum.
369 526 443 580 Crea
460 513 572 596 prolem
590 510 848 591 intelligentiarum
867 531 993 577 mearum
1006 522 1037 578 in

205 622 287 664 utero
300 600 485 661 mentitmtae.
503 588 649 653 Effitndes
665 592 765 651 iritum
773 611 854 652 tuum
862 590 941 673 super
949 615 1038 675 aquas

204 680 397 741 informitatis
407 692 473 735 metr
481 716 491 745 ,
500 611 692 732 uttonterlus
705 670 742 731 ed
750 690 779 731 te
791 717 801 745 ,
811 670 967 733 conformis
980 668 1034 757 filij

205 765 267 829 rui,
280 758 392 818 videam
402 774 486 835 tepet
497 770 543 824 te,
555 757 582 810 δι
595 753 692 811 omnia
701 748 795 811 subte.
814 755 845 812 Ο
856 772 906 825 tu,
924 753 1037 832 putiffi—

206 860 255 900 ma
263 840 367 899 veritae
375 880 385 909 ,
394 854 424 895 tu
433 830 497 893 ride
505 851 533 891 te
546 834 576 889 in
587 850 634 889 me
642 872 652 903 ‚
660 848 692 889 tu
704 832 836 911 intellige
845 848 873 890 te
879 834 909 891 in
918 849 974 892 me.
985 836 1037 891 Pet

205 940 254 978 me
263 916 354 998 ipsum
361 914 437 974 nihil
447 911 532 970 video
543 908 593 969 niu
603 914 711 969 runa&
727 910 804 971 fluxe
816 918 843 969 it
857 912 970 979 caduca,
985 914 1034 970 ni·

206 996 252 1058 hil
263 996 347 1057 rideo
361 992 413 1055 nist
427 990 499 1053 falsa
511 997 538 1049 δι
549 1009 686 1069 corporeo
694 988 832 1069 plasmata
860 993 913 1050 l‘er
932 1010 978 1049 me
988 994 1037 1051 ni-

205 1076 251 1137 hil
266 1074 327 1135 sum
340 1071 394 1135 nili
408 1090 486 1133 mort
508 1077 536 1129 ie
547 1062 653 1149 abyllut
665 1069 811 1130 tenebrofi
821 1077 848 1130 iu
857 1067 1037 1151 imperialia.

207 1160 242 1215 ln
252 1175 281 1215 re
292 1153 352 1214 sum
360 1172 498 1236 quantum
508 1148 568 1209 snm
579 1151 623 1224 ,in
631 1169 659 1209 te
676 1151 744 1211 vivo
756 1169 895 1229 qnantum
904 1152 973 1211 rivo
984 1192 993 1217 ,
1006 1152 1038 1209 in

204 1254 234 1295 tt
244 1234 378 1313 intelligo
391 1228 679 1315 quantumintelligo.
690 1226 768 1309 Quia
777 1249 810 1288 tu
821 1250 851 1290 et
865 1226 974 1289 summa
989 1232 1031 1288 in·

205 1316 388 1395 telligentia,
402 1306 515 1379 ellenria
530 1310 658 1377 summa,
681 1312 742 1368 vita
759 1306 883 1377 summa,
903 1314 986 1369 Pater
1005 1315 1034 1367 ir

208 1395 296 1453 Filius
308 1398 337 1450 et
350 1392 471 1471 Spiritus
480 1390 591 1451 sanstus
600 1390 711 1459 ,unitas
719 1390 825 1468 triplex
833 1434 843 1462 ,
852 1391 965 1449 trinitat
973 1386 1037 1447 fim-

206 1475 293 1554 plex,
303 1466 414 1531 infinita
423 1468 488 1532 inse
498 1470 553 1532 fine
562 1466 617 1529 fine
630 1512 640 1543 ‚
654 1470 732 1527 Dens
741 1488 813 1529 nnnt
827 1474 878 1542 ,in
887 1467 980 1529 secula
992 1464 1007 1525 s
1018 1490 1036 1512 ι

99 1624 100 1627 ¹
207 1553 348 1613 culorum.
362 1556 462 1611 Amen.

560 1792 630 1875 v'1
646 1788 681 1871 Ἰ.

413 1976 514 2051 Miffa
523 2001 587 2079 pro
600 1969 828 2051 tribulatione.
927 2020 932 2030 ·
1020 2028 1025 2035 .

232 2158 289 2227 Ex
297 2154 509 2229 uttericrdice
518 2158 613 2233 MS.
621 2098 1016 2231 bibliothecal'olbrrtinae.

100 2326 103 2387 ἰ
209 2344 286 2482 H
301 2340 359 2399 Ort
372 2360 392 2399 t
408 2357 584 2423 competente
593 2329 662 2401 liant
676 2339 908 2411 Letanireitantu
917 2338 957 2399 rei
966 2354 1038 2395 con·

299 2418 440 2476 cordante.
451 2420 562 2481 Deinde
573 2417 661 2483 Missa
672 2438 680 2479 t
694 2419 867 2497 Reminisme
879 2414 1013 2494 miseratio
1021 2449 1038 2462 -

101 2536 103 2541 ,
209 2517 285 2560 num.
305 2494 430 2555 Psalmut
458 2522 464 2556 :
487 2500 574 2559 Adeo
587 2538 597 2565 ,
622 2504 769 2566 Domine,
800 2500 895 2556 levavi
914 2500 1040 2556 animam

211 2594 311 2634 meam.
326 2582 502 2645 Drusianus,
522 2581 550 2634 in
559 2590 584 2632 te
594 2576 707 2653 confido.

524 2734 729 2795 Ounrrm

252 2896 347 2961 Deus,
358 2892 409 2974 qui
426 2893 614 2953 contritorum
634 2912 691 2951 non
706 2888 824 2973 despicit
838 2893 998 2972 gemitum,
1012 2899 1041 2951 fle

212 2966 1045 3056 moerentiumnonspernitaffeflummdtstonostrispreei·

214 3053 277 3125 bus,
286 3073 356 3133 quas
365 3074 417 3132 pro
430 3050 615 3111 tribulatione
623 3048 805 3123 effundimus,
816 3050 917 3135 eisque
926 3056 1043 3113 clemen·

213 3152 258 3193 ter
269 3130 434 3212 suscipiens,
443 3132 535 3221 tribue
543 3150 574 3190 ut
582 3130 722 3213 quidquid
732 3150 833 3193 eontra
841 3132 1044 3227 not'eliaboliep

213 3209 1046 3430 {bilbilim}lllbtllillffiz‘r‚lelllpl‘nt

105 3384 107 3393 ¹
214 3368 295 3430 omni
310 3368 496 3431 tribulatione
516 3376 543 3429 ut
561 3390 597 3429 an
637 3370 715 3441 stit,
738 3370 794 3431 lteri
810 3371 841 3430 in
857 3371 938 3431 Etcle
960 3390 1043 3433 arua

216 3446 315 3511 sanun
342 3452 426 3509 ratias
439 3454 470 3529 jn
493 3450 545 3509 'tet
558 3469 587 3508 rt
602 3468 720 3511 eramus.
731 3453 783 3511 Per
791 3452 958 3511 Dominum.

257 3468 420 3605 Gralualet
437 3536 466 3590 A
482 3534 566 3612 juror.
582 3528 703 3596 versut:
719 3532 931 3610 Quirinum.
