<?xml version="1.0" encoding="UTF-8"?>
<!DOCTYPE html PUBLIC "-//W3C//DTD XHTML 1.0 Transitional//EN"
    "http://www.w3.org/TR/xhtml1/DTD/xhtml1-transitional.dtd">
<html xmlns="http://www.w3.org/1999/xhtml" xml:lang="en" lang="en">
 <head>
  <title>
</title>
<meta http-equiv="Content-Type" content="text/html;charset=utf-8" />
  <meta name='ocr-system' content='tesseract 3.04.00' />
  <meta name='ocr-capabilities' content='ocr_page ocr_carea ocr_par ocr_line ocrx_word'/>
</head>
<body>
  <div class='ocr_page' id='page_1' title='image "./reginonisabbati00balugoog_0664.png"; bbox 0 0 2917 4359; ppageno 0'>
   <div class='ocr_carea' id='block_1_1' title="bbox 96 319 1076 877">
    <p class='ocr_par' dir='ltr' id='par_1_1' title="bbox 96 319 1076 877">
     <span class='ocr_line' id='line_1_1' title="bbox 320 319 1015 401; baseline 0.001 -17"><span class='ocrx_word' id='word_1_1' title='bbox 320 319 577 384; x_wconf 73' lang='lat' dir='ltr'>Acronum</span> <span class='ocrx_word' id='word_1_2' title='bbox 612 320 866 385; x_wconf 81' lang='lat' dir='ltr'>VETERUM.</span> <span class='ocrx_word' id='word_1_3' title='bbox 963 334 1015 401; x_wconf 73' lang='lat'>⁶2}</span> 
     </span>
     <span class='ocr_line' id='line_1_2' title="bbox 182 399 1018 482; baseline 0.006 -18"><span class='ocrx_word' id='word_1_4' title='bbox 182 405 372 469; x_wconf 84' lang='lat' dir='ltr'>intentionem</span> <span class='ocrx_word' id='word_1_5' title='bbox 391 400 631 461; x_wconf 86' lang='lat' dir='ltr'>&amp;humillimam</span> <span class='ocrx_word' id='word_1_6' title='bbox 650 404 820 482; x_wconf 86' lang='lat' dir='ltr'>petitionem</span> <span class='ocrx_word' id='word_1_7' title='bbox 838 399 1018 469; x_wconf 85' lang='lat' dir='ltr'>consideran-</span> 
     </span>
     <span class='ocr_line' id='line_1_3' title="bbox 181 478 1016 575; baseline 0.004 -31"><span class='ocrx_word' id='word_1_8' title='bbox 181 506 226 545; x_wconf 86' lang='lat' dir='ltr'>tes</span> <span class='ocrx_word' id='word_1_9' title='bbox 236 528 246 554; x_wconf 91' lang='lat'><em>‚</em></span> <span class='ocrx_word' id='word_1_10' title='bbox 255 485 364 575; x_wconf 80' lang='lat' dir='ltr'>legibus</span> <span class='ocrx_word' id='word_1_11' title='bbox 375 481 517 540; x_wconf 85' lang='lat' dir='ltr'>canonicis</span> <span class='ocrx_word' id='word_1_12' title='bbox 524 478 621 541; x_wconf 88' lang='lat' dir='ltr'>dotem</span> <span class='ocrx_word' id='word_1_13' title='bbox 638 482 783 561; x_wconf 84' lang='lat' dir='ltr'>requirere</span> <span class='ocrx_word' id='word_1_14' title='bbox 794 486 1016 561; x_wconf 83' lang='lat' dir='ltr'>procuravimus,</span> 
     </span>
     <span class='ocr_line' id='line_1_4' title="bbox 182 555 1016 643; baseline -0.013 -20"><span class='ocrx_word' id='word_1_15' title='bbox 182 564 256 623; x_wconf 89' lang='lat' dir='ltr'>unde</span> <span class='ocrx_word' id='word_1_16' title='bbox 264 560 351 643; x_wconf 70' lang='lat' dir='ltr'>digne</span> <span class='ocrx_word' id='word_1_17' title='bbox 360 560 460 634; x_wconf 84' lang='lat' dir='ltr'>domus</span> <span class='ocrx_word' id='word_1_18' title='bbox 473 560 528 619; x_wconf 87' lang='lat' dir='ltr'>Dei</span> <span class='ocrx_word' id='word_1_19' title='bbox 537 555 745 623; x_wconf 86' lang='lat' dir='ltr'>sustentaretur.</span> <span class='ocrx_word' id='word_1_20' title='bbox 771 558 1016 639; x_wconf 82' lang='lat' dir='ltr'>Qoddevotrffi.</span> 
     </span>
     <span class='ocr_line' id='line_1_5' title="bbox 182 636 1016 719; baseline -0.001 -16"><span class='ocrx_word' id='word_1_21' title='bbox 182 664 230 703; x_wconf 90' lang='lat' dir='ltr'>ma</span> <span class='ocrx_word' id='word_1_22' title='bbox 241 642 391 703; x_wconf 84' lang='lat' dir='ltr'>voluntate</span> <span class='ocrx_word' id='word_1_23' title='bbox 401 642 482 719; x_wconf 87' lang='lat' dir='ltr'>juxta</span> <span class='ocrx_word' id='word_1_24' title='bbox 493 640 579 699; x_wconf 87' lang='lat' dir='ltr'>nostri</span> <span class='ocrx_word' id='word_1_25' title='bbox 589 636 760 699; x_wconf 74' lang='lat' dir='ltr'>hortaminis</span> <span class='ocrx_word' id='word_1_26' title='bbox 769 641 952 699; x_wconf 87' lang='lat' dir='ltr'>constiturum</span> <span class='ocrx_word' id='word_1_27' title='bbox 961 645 1016 702; x_wconf 91' lang='lat' dir='ltr'>ad-</span> 
     </span>
     <span class='ocr_line' id='line_1_6' title="bbox 96 716 1048 801; baseline -0.004 -18"><span class='ocrx_word' id='word_1_28' title='bbox 96 734 98 783; x_wconf 79' lang='lat'><em>3</em></span> <span class='ocrx_word' id='word_1_29' title='bbox 181 723 354 801; x_wconf 81' lang='lat' dir='ltr'>implentes,</span> <span class='ocrx_word' id='word_1_30' title='bbox 371 738 423 797; x_wconf 89' lang='lat' dir='ltr'>pro</span> <span class='ocrx_word' id='word_1_31' title='bbox 434 720 491 777; x_wconf 90' lang='lat' dir='ltr'>Dei</span> <span class='ocrx_word' id='word_1_32' title='bbox 507 736 605 777; x_wconf 87' lang='lat' dir='ltr'>amore</span> <span class='ocrx_word' id='word_1_33' title='bbox 616 725 643 777; x_wconf 76' lang='grc' dir='ltr'>δι</span> <span class='ocrx_word' id='word_1_34' title='bbox 653 717 819 779; x_wconf 74' lang='lat' dir='ltr'>sandiortrm</span> <span class='ocrx_word' id='word_1_35' title='bbox 833 716 1015 797; x_wconf 79' lang='lat' dir='ltr'>ipsiusvcne-</span> <span class='ocrx_word' id='word_1_36' title='bbox 1041 769 1048 786; x_wconf 88' lang='lat'>.</span> 
     </span>
     <span class='ocr_line' id='line_1_7' title="bbox 183 795 1076 877; baseline -0.003 -16"><span class='ocrx_word' id='word_1_37' title='bbox 183 799 427 861; x_wconf 87' lang='lat' dir='ltr'>rationedcrcbus</span> <span class='ocrx_word' id='word_1_38' title='bbox 445 798 626 877; x_wconf 85' lang='lat' dir='ltr'>proprietatis</span> <span class='ocrx_word' id='word_1_39' title='bbox 634 796 704 869; x_wconf 83' lang='lat' dir='ltr'>suat,</span> <span class='ocrx_word' id='word_1_40' title='bbox 717 795 868 857; x_wconf 77' lang='lat' dir='ltr'>secundum</span> <span class='ocrx_word' id='word_1_41' title='bbox 877 799 954 877; x_wconf 89' lang='lat' dir='ltr'>quod</span> <span class='ocrx_word' id='word_1_42' title='bbox 964 822 1012 859; x_wconf 88' lang='lat' dir='ltr'>ra·</span> <span class='ocrx_word' id='word_1_43' title='bbox 1073 806 1076 811; x_wconf 83' lang='lat'>&#39;</span> 
     </span>
    </p>
   </div>
   <div class='ocr_carea' id='block_1_2' title="bbox 96 874 1014 949">
    <p class='ocr_par' dir='ltr' id='par_1_2' title="bbox 96 874 1014 949">
     <span class='ocr_line' id='line_1_8' title="bbox 96 874 1014 949; baseline 0.001 -12"><span class='ocrx_word' id='word_1_44' title='bbox 96 932 98 937; x_wconf 81' lang='grc'>,</span> <span class='ocrx_word' id='word_1_45' title='bbox 181 879 381 949; x_wconf 69' lang='grc' dir='ltr'>ῑίοάἰᾶτὼιτ,</span> <span class='ocrx_word' id='word_1_46' title='bbox 396 874 488 935; x_wconf 86' lang='lat' dir='ltr'>tidem</span> <span class='ocrx_word' id='word_1_47' title='bbox 505 879 571 935; x_wconf 85' lang='lat' dir='ltr'>loco</span> <span class='ocrx_word' id='word_1_48' title='bbox 585 876 720 936; x_wconf 90' lang='lat' dir='ltr'>nobiliter</span> <span class='ocrx_word' id='word_1_49' title='bbox 737 879 935 943; x_wconf 87' lang='lat' dir='ltr'>contulerunt,</span> <span class='ocrx_word' id='word_1_50' title='bbox 946 876 1014 938; x_wconf 80' lang='lat' dir='ltr'>ficut</span> 
     </span>
    </p>
   </div>
   <div class='ocr_carea' id='block_1_3' title="bbox 96 950 1015 1273">
    <p class='ocr_par' dir='ltr' id='par_1_3' title="bbox 96 950 1015 1273">
     <span class='ocr_line' id='line_1_9' title="bbox 184 950 1015 1033; baseline -0.001 -15"><span class='ocrx_word' id='word_1_51' title='bbox 184 958 325 1019; x_wconf 82' lang='lat' dir='ltr'>inferiora</span> <span class='ocrx_word' id='word_1_52' title='bbox 333 956 531 1017; x_wconf 78' lang='lat' dir='ltr'>demonstrant.</span> <span class='ocrx_word' id='word_1_53' title='bbox 548 950 680 1033; x_wconf 75' lang='lat' dir='ltr'>Qrprum</span> <span class='ocrx_word' id='word_1_54' title='bbox 691 956 860 1015; x_wconf 83' lang='lat' dir='ltr'>rationabili</span> <span class='ocrx_word' id='word_1_55' title='bbox 873 964 901 1015; x_wconf 73' lang='grc' dir='ltr'>δι</span> <span class='ocrx_word' id='word_1_56' title='bbox 912 958 1015 1017; x_wconf 88' lang='lat' dir='ltr'>lauda-</span> 
     </span>
     <span class='ocr_line' id='line_1_10' title="bbox 180 1033 1015 1117; baseline 0.002 -22"><span class='ocrx_word' id='word_1_57' title='bbox 180 1037 236 1097; x_wconf 91' lang='lat' dir='ltr'>bili</span> <span class='ocrx_word' id='word_1_58' title='bbox 250 1038 389 1117; x_wconf 88' lang='lat' dir='ltr'>petitione</span> <span class='ocrx_word' id='word_1_59' title='bbox 400 1052 532 1113; x_wconf 86' lang='lat' dir='ltr'>percepta</span> <span class='ocrx_word' id='word_1_60' title='bbox 539 1076 549 1105; x_wconf 86' lang='lat'>‚</span> <span class='ocrx_word' id='word_1_61' title='bbox 562 1033 744 1095; x_wconf 79' lang='lat' dir='ltr'>ecclesiastico</span> <span class='ocrx_word' id='word_1_62' title='bbox 756 1034 856 1095; x_wconf 87' lang='lat' dir='ltr'>ordine</span> <span class='ocrx_word' id='word_1_63' title='bbox 865 1036 1015 1097; x_wconf 83' lang='lat' dir='ltr'>consecra·</span> 
     </span>
     <span class='ocr_line' id='line_1_11' title="bbox 96 1112 1012 1195; baseline 0.001 -20"><span class='ocrx_word' id='word_1_64' title='bbox 96 1174 97 1187; x_wconf 58' lang='grc'>,</span> <span class='ocrx_word' id='word_1_65' title='bbox 182 1120 251 1175; x_wconf 87' lang='lat' dir='ltr'>rein</span> <span class='ocrx_word' id='word_1_66' title='bbox 263 1136 335 1195; x_wconf 87' lang='lat' dir='ltr'>opus</span> <span class='ocrx_word' id='word_1_67' title='bbox 343 1116 399 1173; x_wconf 88' lang='lat' dir='ltr'>Dei</span> <span class='ocrx_word' id='word_1_68' title='bbox 406 1114 611 1193; x_wconf 63' lang='lat' dir='ltr'>omnipotentis,</span> <span class='ocrx_word' id='word_1_69' title='bbox 622 1112 797 1183; x_wconf 88' lang='lat' dir='ltr'>censuimus,</span> <span class='ocrx_word' id='word_1_70' title='bbox 807 1134 893 1195; x_wconf 86' lang='lat' dir='ltr'>atque</span> <span class='ocrx_word' id='word_1_71' title='bbox 907 1117 938 1175; x_wconf 88' lang='lat' dir='ltr'>in</span> <span class='ocrx_word' id='word_1_72' title='bbox 955 1114 1012 1176; x_wconf 82' lang='lat' dir='ltr'>ho-</span> 
     </span>
     <span class='ocr_line' id='line_1_12' title="bbox 96 1190 1011 1273; baseline 0 -18"><span class='ocrx_word' id='word_1_73' title='bbox 96 1202 97 1209; x_wconf 76' lang='grc'>’</span> <span class='ocrx_word' id='word_1_74' title='bbox 183 1216 254 1257; x_wconf 88' lang='lat' dir='ltr'>nore</span> <span class='ocrx_word' id='word_1_75' title='bbox 265 1201 292 1254; x_wconf 75' lang='grc' dir='ltr'>δι</span> <span class='ocrx_word' id='word_1_76' title='bbox 303 1194 484 1253; x_wconf 86' lang='lat' dir='ltr'>veneratione</span> <span class='ocrx_word' id='word_1_77' title='bbox 494 1190 584 1250; x_wconf 71' lang='lat' dir='ltr'>sansti</span> <span class='ocrx_word' id='word_1_78' title='bbox 594 1192 749 1252; x_wconf 81' lang='lat' dir='ltr'>Sebastiam</span> <span class='ocrx_word' id='word_1_79' title='bbox 758 1197 891 1273; x_wconf 81' lang='lat' dir='ltr'>martyris</span> <span class='ocrx_word' id='word_1_80' title='bbox 903 1201 931 1252; x_wconf 74' lang='lat' dir='ltr'>dt</span> <span class='ocrx_word' id='word_1_81' title='bbox 940 1215 1011 1255; x_wconf 88' lang='lat' dir='ltr'>cete·</span> 
     </span>
    </p>
   </div>
   <div class='ocr_carea' id='block_1_4' title="bbox 96 1270 1012 1349">
    <p class='ocr_par' dir='ltr' id='par_1_4' title="bbox 96 1270 1012 1349">
     <span class='ocr_line' id='line_1_13' title="bbox 96 1270 1012 1349; baseline 0.001 -16"><span class='ocrx_word' id='word_1_82' title='bbox 96 1294 98 1349; x_wconf 73' lang='lat' dir='ltr'>j</span> <span class='ocrx_word' id='word_1_83' title='bbox 181 1294 282 1333; x_wconf 89' lang='lat' dir='ltr'>rorum</span> <span class='ocrx_word' id='word_1_84' title='bbox 290 1270 450 1333; x_wconf 67' lang='lat' dir='ltr'>sauciorum</span> <span class='ocrx_word' id='word_1_85' title='bbox 461 1312 471 1341; x_wconf 90' lang='lat'>‚</span> <span class='ocrx_word' id='word_1_86' title='bbox 482 1270 577 1330; x_wconf 86' lang='lat' dir='ltr'>Idibus</span> <span class='ocrx_word' id='word_1_87' title='bbox 588 1272 727 1331; x_wconf 71' lang='lat' dir='ltr'>octobris</span> <span class='ocrx_word' id='word_1_88' title='bbox 743 1278 810 1333; x_wconf 91' lang='lat' dir='ltr'>Deo</span> <span class='ocrx_word' id='word_1_89' title='bbox 821 1273 1012 1334; x_wconf 71' lang='lat' dir='ltr'>austorcsol·</span> 
     </span>
    </p>
   </div>
   <div class='ocr_carea' id='block_1_5' title="bbox 96 1350 1014 3728">
    <p class='ocr_par' dir='ltr' id='par_1_5' title="bbox 180 1350 1012 1509">
     <span class='ocr_line' id='line_1_14' title="bbox 182 1350 1009 1433; baseline 0 -20"><span class='ocrx_word' id='word_1_90' title='bbox 182 1356 273 1413; x_wconf 81' lang='lat' dir='ltr'>lemni</span> <span class='ocrx_word' id='word_1_91' title='bbox 289 1350 385 1411; x_wconf 86' lang='lat' dir='ltr'>offitio</span> <span class='ocrx_word' id='word_1_92' title='bbox 404 1351 605 1414; x_wconf 82' lang='lat' dir='ltr'>dedicavimus.</span> <span class='ocrx_word' id='word_1_93' title='bbox 623 1352 685 1431; x_wconf 82' lang='lat' dir='ltr'>Ego</span> <span class='ocrx_word' id='word_1_94' title='bbox 702 1355 799 1431; x_wconf 87' lang='lat' dir='ltr'>itaque</span> <span class='ocrx_word' id='word_1_95' title='bbox 815 1353 1009 1433; x_wconf 83' lang='lat' dir='ltr'>Ragamboto‚</span> 
     </span>
     <span class='ocr_line' id='line_1_15' title="bbox 180 1428 1012 1509; baseline 0 -18"><span class='ocrx_word' id='word_1_96' title='bbox 180 1428 393 1491; x_wconf 85' lang='lat' dir='ltr'>cumsiliomeo</span> <span class='ocrx_word' id='word_1_97' title='bbox 402 1429 551 1493; x_wconf 86' lang='lat' dir='ltr'>Hilfcrito</span> <span class='ocrx_word' id='word_1_98' title='bbox 561 1474 570 1501; x_wconf 88' lang='lat'>‚</span> <span class='ocrx_word' id='word_1_99' title='bbox 581 1434 665 1509; x_wconf 84' lang='lat' dir='ltr'>juxta</span> <span class='ocrx_word' id='word_1_100' title='bbox 681 1430 828 1490; x_wconf 79' lang='lat' dir='ltr'>confilium</span> <span class='ocrx_word' id='word_1_101' title='bbox 844 1439 872 1491; x_wconf 75' lang='grc' dir='ltr'>δι</span> <span class='ocrx_word' id='word_1_102' title='bbox 886 1432 1012 1492; x_wconf 85' lang='lat' dir='ltr'>confide-</span> 
     </span>
    </p>

    <p class='ocr_par' dir='ltr' id='par_1_6' title="bbox 96 1509 1014 2617">
     <span class='ocr_line' id='line_1_16' title="bbox 180 1509 1014 1591; baseline 0 -20"><span class='ocrx_word' id='word_1_103' title='bbox 180 1512 325 1571; x_wconf 87' lang='lat' dir='ltr'>rationem</span> <span class='ocrx_word' id='word_1_104' title='bbox 334 1512 443 1570; x_wconf 87' lang='lat' dir='ltr'>Domni</span> <span class='ocrx_word' id='word_1_105' title='bbox 452 1515 478 1565; x_wconf 74' lang='grc' dir='ltr'>δι</span> <span class='ocrx_word' id='word_1_106' title='bbox 493 1510 663 1569; x_wconf 88' lang='lat' dir='ltr'>venerabilis</span> <span class='ocrx_word' id='word_1_107' title='bbox 673 1510 805 1588; x_wconf 74' lang='lat' dir='ltr'>jamdisti</span> <span class='ocrx_word' id='word_1_108' title='bbox 818 1509 895 1588; x_wconf 81' lang='lat' dir='ltr'>Jonae</span> <span class='ocrx_word' id='word_1_109' title='bbox 903 1512 1014 1591; x_wconf 83' lang='lat' dir='ltr'>Episco-</span> 
     </span>
     <span class='ocr_line' id='line_1_17' title="bbox 96 1586 1013 1671; baseline 0.003 -23"><span class='ocrx_word' id='word_1_110' title='bbox 96 1586 97 1589; x_wconf 60' lang='grc'>’</span> <span class='ocrx_word' id='word_1_111' title='bbox 180 1592 213 1671; x_wconf 89' lang='lat' dir='ltr'>pi</span> <span class='ocrx_word' id='word_1_112' title='bbox 222 1587 365 1669; x_wconf 78' lang='lat' dir='ltr'>prasatam</span> <span class='ocrx_word' id='word_1_113' title='bbox 377 1589 526 1669; x_wconf 88' lang='lat' dir='ltr'>Capellam</span> <span class='ocrx_word' id='word_1_114' title='bbox 539 1609 590 1667; x_wconf 89' lang='lat' dir='ltr'>pto</span> <span class='ocrx_word' id='word_1_115' title='bbox 598 1608 693 1647; x_wconf 87' lang='lat' dir='ltr'>amore</span> <span class='ocrx_word' id='word_1_116' title='bbox 703 1591 758 1647; x_wconf 90' lang='lat' dir='ltr'>Dei</span> <span class='ocrx_word' id='word_1_117' title='bbox 770 1597 797 1647; x_wconf 79' lang='grc' dir='ltr'>δι</span> <span class='ocrx_word' id='word_1_118' title='bbox 807 1591 907 1648; x_wconf 73' lang='lat' dir='ltr'>anima</span> <span class='ocrx_word' id='word_1_119' title='bbox 916 1594 1013 1652; x_wconf 74' lang='lat' dir='ltr'>nostra</span> 
     </span>
     <span class='ocr_line' id='line_1_18' title="bbox 179 1666 1012 1751; baseline 0 -21"><span class='ocrx_word' id='word_1_120' title='bbox 179 1670 309 1729; x_wconf 81' lang='lat' dir='ltr'>remedio</span> <span class='ocrx_word' id='word_1_121' title='bbox 326 1669 405 1729; x_wconf 87' lang='lat' dir='ltr'>rebus</span> <span class='ocrx_word' id='word_1_122' title='bbox 423 1666 604 1748; x_wconf 80' lang='lat' dir='ltr'>proprietatis</span> <span class='ocrx_word' id='word_1_123' title='bbox 619 1669 714 1727; x_wconf 77' lang='lat' dir='ltr'>nostra</span> <span class='ocrx_word' id='word_1_124' title='bbox 730 1668 862 1728; x_wconf 82' lang='lat' dir='ltr'>dotamus</span> <span class='ocrx_word' id='word_1_125' title='bbox 877 1688 963 1751; x_wconf 91' lang='lat' dir='ltr'>atquc</span> <span class='ocrx_word' id='word_1_126' title='bbox 981 1678 1012 1731; x_wconf 88' lang='lat' dir='ltr'>in</span> 
     </span>
     <span class='ocr_line' id='line_1_19' title="bbox 96 1744 1014 1830; baseline 0.003 -23"><span class='ocrx_word' id='word_1_127' title='bbox 96 1816 98 1829; x_wconf 40' lang='grc' dir='ltr'>Ι</span> <span class='ocrx_word' id='word_1_128' title='bbox 180 1768 320 1829; x_wconf 86' lang='lat' dir='ltr'>perpetuo</span> <span class='ocrx_word' id='word_1_129' title='bbox 332 1748 459 1808; x_wconf 88' lang='lat' dir='ltr'>dotatam</span> <span class='ocrx_word' id='word_1_130' title='bbox 474 1744 677 1811; x_wconf 86' lang='lat' dir='ltr'>essevolumus.</span> <span class='ocrx_word' id='word_1_131' title='bbox 696 1748 890 1830; x_wconf 74' lang='lat' dir='ltr'>Qmobrem</span> <span class='ocrx_word' id='word_1_132' title='bbox 903 1751 938 1808; x_wconf 87' lang='lat' dir='ltr'>ad</span> <span class='ocrx_word' id='word_1_133' title='bbox 948 1748 1014 1810; x_wconf 90' lang='lat' dir='ltr'>usus</span> 
     </span>
     <span class='ocr_line' id='line_1_20' title="bbox 96 1825 1012 1906; baseline 0.002 -19"><span class='ocrx_word' id='word_1_134' title='bbox 96 1856 98 1899; x_wconf 59' lang='lat' dir='ltr'>t</span> <span class='ocrx_word' id='word_1_135' title='bbox 182 1833 214 1887; x_wconf 68' lang='lat' dir='ltr'>dt</span> <span class='ocrx_word' id='word_1_136' title='bbox 224 1830 411 1887; x_wconf 86' lang='lat' dir='ltr'>ministerium</span> <span class='ocrx_word' id='word_1_137' title='bbox 424 1826 542 1906; x_wconf 78' lang='lat' dir='ltr'>prasatae</span> <span class='ocrx_word' id='word_1_138' title='bbox 550 1825 778 1906; x_wconf 84' lang='lat' dir='ltr'>basilicae‚quam</span> <span class='ocrx_word' id='word_1_139' title='bbox 788 1847 840 1906; x_wconf 87' lang='lat' dir='ltr'>pro</span> <span class='ocrx_word' id='word_1_140' title='bbox 851 1830 905 1887; x_wconf 88' lang='lat' dir='ltr'>Dei</span> <span class='ocrx_word' id='word_1_141' title='bbox 914 1849 1012 1889; x_wconf 87' lang='lat' dir='ltr'>amore</span> 
     </span>
     <span class='ocr_line' id='line_1_21' title="bbox 182 1904 1013 1985; baseline 0.007 -23.437"><span class='ocrx_word' id='word_1_142' title='bbox 182 1908 389 1965; x_wconf 75' lang='lat' dir='ltr'>construximus</span> <span class='ocrx_word' id='word_1_143' title='bbox 401 1913 428 1965; x_wconf 75' lang='grc' dir='ltr'>δι</span> <span class='ocrx_word' id='word_1_144' title='bbox 448 1904 607 1966; x_wconf 87' lang='lat' dir='ltr'>consecrare</span> <span class='ocrx_word' id='word_1_145' title='bbox 622 1907 787 1985; x_wconf 73' lang='lat' dir='ltr'>rogavimus</span> <span class='ocrx_word' id='word_1_146' title='bbox 799 1906 954 1977; x_wconf 89' lang='lat' dir='ltr'>,donamus</span> <span class='ocrx_word' id='word_1_147' title='bbox 963 1929 1013 1967; x_wconf 89' lang='lat' dir='ltr'>at-</span> 
     </span>
     <span class='ocr_line' id='line_1_22' title="bbox 96 1980 1008 2065; baseline 0.004 -22"><span class='ocrx_word' id='word_1_148' title='bbox 96 2000 98 2053; x_wconf 57' lang='lat' dir='ltr'>t</span> <span class='ocrx_word' id='word_1_149' title='bbox 180 2006 238 2065; x_wconf 87' lang='lat' dir='ltr'>que</span> <span class='ocrx_word' id='word_1_150' title='bbox 254 1986 284 2045; x_wconf 91' lang='lat' dir='ltr'>in</span> <span class='ocrx_word' id='word_1_151' title='bbox 302 1984 436 2064; x_wconf 82' lang='lat' dir='ltr'>perpetuo</span> <span class='ocrx_word' id='word_1_152' title='bbox 451 1986 489 2045; x_wconf 92' lang='lat' dir='ltr'>do</span> <span class='ocrx_word' id='word_1_153' title='bbox 499 2028 505 2041; x_wconf 93' lang='lat'><em>.</em></span> <span class='ocrx_word' id='word_1_154' title='bbox 517 2028 523 2043; x_wconf 89' lang='lat'><strong>.</strong></span> <span class='ocrx_word' id='word_1_155' title='bbox 589 1980 642 2043; x_wconf 88' lang='lat' dir='ltr'>else</span> <span class='ocrx_word' id='word_1_156' title='bbox 662 1984 812 2057; x_wconf 88' lang='lat' dir='ltr'>volumus,</span> <span class='ocrx_word' id='word_1_157' title='bbox 826 1985 882 2044; x_wconf 89' lang='lat' dir='ltr'>hoc</span> <span class='ocrx_word' id='word_1_158' title='bbox 896 1989 935 2046; x_wconf 86' lang='lat' dir='ltr'>est</span> <span class='ocrx_word' id='word_1_159' title='bbox 950 2032 959 2055; x_wconf 89' lang='lat'><em>,</em></span> <span class='ocrx_word' id='word_1_160' title='bbox 975 1990 1008 2048; x_wconf 93' lang='lat' dir='ltr'>in</span> 
     </span>
     <span class='ocr_line' id='line_1_23' title="bbox 179 2062 1011 2147; baseline 0.001 -23"><span class='ocrx_word' id='word_1_161' title='bbox 179 2066 305 2125; x_wconf 83' lang='lat' dir='ltr'>circuitu</span> <span class='ocrx_word' id='word_1_162' title='bbox 317 2063 449 2138; x_wconf 79' lang='lat' dir='ltr'>basilica,</span> <span class='ocrx_word' id='word_1_163' title='bbox 461 2084 527 2125; x_wconf 89' lang='lat' dir='ltr'>ante</span> <span class='ocrx_word' id='word_1_164' title='bbox 542 2066 693 2125; x_wconf 89' lang='lat' dir='ltr'>introitum</span> <span class='ocrx_word' id='word_1_165' title='bbox 706 2062 809 2144; x_wconf 86' lang='lat' dir='ltr'>ipsius,</span> <span class='ocrx_word' id='word_1_166' title='bbox 825 2085 956 2147; x_wconf 89' lang='lat' dir='ltr'>campum</span> <span class='ocrx_word' id='word_1_167' title='bbox 974 2068 1011 2127; x_wconf 90' lang='lat' dir='ltr'>ad</span> 
     </span>
     <span class='ocr_line' id='line_1_24' title="bbox 180 2141 1009 2225; baseline 0.004 -22"><span class='ocrx_word' id='word_1_168' title='bbox 180 2162 272 2203; x_wconf 87' lang='lat' dir='ltr'>unum</span> <span class='ocrx_word' id='word_1_169' title='bbox 280 2143 407 2201; x_wconf 90' lang='lat' dir='ltr'>modium</span> <span class='ocrx_word' id='word_1_170' title='bbox 416 2146 512 2222; x_wconf 75' lang='lat' dir='ltr'>quiesi</span> <span class='ocrx_word' id='word_1_171' title='bbox 525 2142 617 2203; x_wconf 88' lang='lat' dir='ltr'>subter</span> <span class='ocrx_word' id='word_1_172' title='bbox 626 2141 759 2204; x_wconf 83' lang='lat' dir='ltr'>sellatum</span> <span class='ocrx_word' id='word_1_173' title='bbox 772 2188 781 2214; x_wconf 85' lang='lat'>‚</span> <span class='ocrx_word' id='word_1_174' title='bbox 803 2149 1009 2225; x_wconf 84' lang='lat' dir='ltr'>pertingentem</span> 
     </span>
     <span class='ocr_line' id='line_1_25' title="bbox 180 2220 1010 2304; baseline 0.006 -23"><span class='ocrx_word' id='word_1_175' title='bbox 180 2220 270 2302; x_wconf 88' lang='lat' dir='ltr'>usque</span> <span class='ocrx_word' id='word_1_176' title='bbox 284 2221 321 2282; x_wconf 91' lang='lat' dir='ltr'>ad</span> <span class='ocrx_word' id='word_1_177' title='bbox 337 2241 480 2282; x_wconf 87' lang='lat' dir='ltr'>mortuam</span> <span class='ocrx_word' id='word_1_178' title='bbox 494 2240 624 2302; x_wconf 85' lang='lat' dir='ltr'>guttam,</span> <span class='ocrx_word' id='word_1_179' title='bbox 636 2230 662 2281; x_wconf 74' lang='lat' dir='ltr'>a</span> <span class='ocrx_word' id='word_1_180' title='bbox 672 2225 706 2283; x_wconf 89' lang='lat' dir='ltr'>ad</span> <span class='ocrx_word' id='word_1_181' title='bbox 725 2242 833 2304; x_wconf 86' lang='lat' dir='ltr'>partem</span> <span class='ocrx_word' id='word_1_182' title='bbox 842 2225 1010 2286; x_wconf 79' lang='lat' dir='ltr'>orientalem</span> 
     </span>
     <span class='ocr_line' id='line_1_26' title="bbox 96 2301 1011 2383; baseline 0.005 -24"><span class='ocrx_word' id='word_1_183' title='bbox 96 2320 98 2371; x_wconf 68' lang='lat'>3</span> <span class='ocrx_word' id='word_1_184' title='bbox 180 2320 287 2364; x_wconf 85' lang='lat' dir='ltr'>terram</span> <span class='ocrx_word' id='word_1_185' title='bbox 302 2302 438 2361; x_wconf 82' lang='lat' dir='ltr'>arabilem</span> <span class='ocrx_word' id='word_1_186' title='bbox 454 2322 518 2361; x_wconf 92' lang='lat' dir='ltr'>cum</span> <span class='ocrx_word' id='word_1_187' title='bbox 528 2322 609 2382; x_wconf 90' lang='lat' dir='ltr'>prato</span> <span class='ocrx_word' id='word_1_188' title='bbox 622 2308 649 2363; x_wconf 75' lang='grc' dir='ltr'>δι</span> <span class='ocrx_word' id='word_1_189' title='bbox 669 2301 840 2383; x_wconf 86' lang='lat' dir='ltr'>superposito</span> <span class='ocrx_word' id='word_1_190' title='bbox 851 2304 887 2362; x_wconf 89' lang='lat' dir='ltr'>ad</span> <span class='ocrx_word' id='word_1_191' title='bbox 898 2306 1011 2364; x_wconf 90' lang='lat' dir='ltr'>modios</span> 
     </span>
     <span class='ocr_line' id='line_1_27' title="bbox 96 2379 1011 2461; baseline 0.003 -22"><span class='ocrx_word' id='word_1_192' title='bbox 96 2418 98 2459; x_wconf 73' lang='lat'>‡</span> <span class='ocrx_word' id='word_1_193' title='bbox 181 2400 210 2439; x_wconf 89' lang='lat' dir='ltr'>v.</span> <span class='ocrx_word' id='word_1_194' title='bbox 230 2379 340 2441; x_wconf 85' lang='lat' dir='ltr'>salvaro</span> <span class='ocrx_word' id='word_1_195' title='bbox 362 2384 438 2441; x_wconf 85' lang='lat' dir='ltr'>arrio</span> <span class='ocrx_word' id='word_1_196' title='bbox 455 2379 538 2461; x_wconf 87' lang='lat' dir='ltr'>ipsius</span> <span class='ocrx_word' id='word_1_197' title='bbox 557 2380 690 2441; x_wconf 81' lang='lat' dir='ltr'>Ecclefia.</span> <span class='ocrx_word' id='word_1_198' title='bbox 724 2384 865 2441; x_wconf 86' lang='lat' dir='ltr'>Similiter</span> <span class='ocrx_word' id='word_1_199' title='bbox 882 2382 1011 2443; x_wconf 88' lang='lat' dir='ltr'>mansum</span> 
     </span>
     <span class='ocr_line' id='line_1_28' title="bbox 96 2459 1011 2541; baseline 0.003 -23"><span class='ocrx_word' id='word_1_200' title='bbox 96 2474 98 2511; x_wconf 83' lang='grc' dir='ltr'><em>ῖ</em></span> <span class='ocrx_word' id='word_1_201' title='bbox 180 2480 268 2539; x_wconf 90' lang='lat' dir='ltr'>quem</span> <span class='ocrx_word' id='word_1_202' title='bbox 280 2462 433 2519; x_wconf 85' lang='lat' dir='ltr'>Betnoinns</span> <span class='ocrx_word' id='word_1_203' title='bbox 445 2478 521 2520; x_wconf 85' lang='lat' dir='ltr'>tener</span> <span class='ocrx_word' id='word_1_204' title='bbox 530 2507 538 2527; x_wconf 90' lang='lat'><em>,</em></span> <span class='ocrx_word' id='word_1_205' title='bbox 547 2482 611 2521; x_wconf 91' lang='lat' dir='ltr'>cum</span> <span class='ocrx_word' id='word_1_206' title='bbox 620 2460 763 2541; x_wconf 72' lang='lat' dir='ltr'>jamdisio</span> <span class='ocrx_word' id='word_1_207' title='bbox 772 2459 854 2521; x_wconf 88' lang='lat' dir='ltr'>servo</span> <span class='ocrx_word' id='word_1_208' title='bbox 866 2469 893 2520; x_wconf 77' lang='grc' dir='ltr'>δι</span> <span class='ocrx_word' id='word_1_209' title='bbox 906 2466 1011 2539; x_wconf 87' lang='lat' dir='ltr'>conju-</span> 
     </span>
     <span class='ocr_line' id='line_1_29' title="bbox 96 2537 1012 2617; baseline 0.007 -22"><span class='ocrx_word' id='word_1_210' title='bbox 96 2566 98 2577; x_wconf 86' lang='lat'><em>·</em></span> <span class='ocrx_word' id='word_1_211' title='bbox 203 2559 218 2596; x_wconf 92' lang='lat' dir='ltr'>e</span> <span class='ocrx_word' id='word_1_212' title='bbox 231 2537 279 2598; x_wconf 90' lang='lat' dir='ltr'>sua</span> <span class='ocrx_word' id='word_1_213' title='bbox 288 2538 428 2597; x_wconf 91' lang='lat' dir='ltr'>vocabulo</span> <span class='ocrx_word' id='word_1_214' title='bbox 437 2540 573 2599; x_wconf 78' lang='lat' dir='ltr'>bertildis</span> <span class='ocrx_word' id='word_1_215' title='bbox 583 2561 616 2598; x_wconf 90' lang='lat' dir='ltr'>ac</span> <span class='ocrx_word' id='word_1_216' title='bbox 624 2542 704 2617; x_wconf 88' lang='lat' dir='ltr'>prole</span> <span class='ocrx_word' id='word_1_217' title='bbox 717 2560 817 2599; x_wconf 89' lang='lat' dir='ltr'>eorum</span> <span class='ocrx_word' id='word_1_218' title='bbox 829 2585 837 2606; x_wconf 95' lang='lat'><em>,</em></span> <span class='ocrx_word' id='word_1_219' title='bbox 847 2560 911 2597; x_wconf 90' lang='lat' dir='ltr'>cum</span> <span class='ocrx_word' id='word_1_220' title='bbox 920 2544 1012 2601; x_wconf 87' lang='lat' dir='ltr'>omni·</span> 
     </span>
    </p>

    <p class='ocr_par' dir='ltr' id='par_1_7' title="bbox 96 2558 1014 3728">
     <span class='ocr_line' id='line_1_30' title="bbox 181 2558 1011 2699; baseline 0.001 -23"><span class='ocrx_word' id='word_1_221' title='bbox 181 2558 234 2676; x_wconf 69' lang='lat' dir='ltr'>bus</span> <span class='ocrx_word' id='word_1_222' title='bbox 254 2614 309 2676; x_wconf 83' lang='lat' dir='ltr'>suis</span> <span class='ocrx_word' id='word_1_223' title='bbox 323 2618 568 2677; x_wconf 85' lang='lat' dir='ltr'>terminationibus</span> <span class='ocrx_word' id='word_1_224' title='bbox 582 2660 592 2688; x_wconf 94' lang='lat'>,</span> <span class='ocrx_word' id='word_1_225' title='bbox 605 2620 741 2679; x_wconf 84' lang='lat' dir='ltr'>donamus</span> <span class='ocrx_word' id='word_1_226' title='bbox 758 2623 788 2678; x_wconf 85' lang='lat' dir='ltr'>in</span> <span class='ocrx_word' id='word_1_227' title='bbox 805 2620 965 2699; x_wconf 69' lang='lat' dir='ltr'>integrum,</span> <span class='ocrx_word' id='word_1_228' title='bbox 981 2626 1011 2677; x_wconf 78' lang='lat' dir='ltr'>dt</span> 
     </span>
     <span class='ocr_line' id='line_1_31' title="bbox 180 2694 1013 2779; baseline 0.002 -23"><span class='ocrx_word' id='word_1_229' title='bbox 180 2698 275 2757; x_wconf 89' lang='lat' dir='ltr'>alium</span> <span class='ocrx_word' id='word_1_230' title='bbox 291 2694 418 2755; x_wconf 89' lang='lat' dir='ltr'>mausum</span> <span class='ocrx_word' id='word_1_231' title='bbox 433 2699 464 2755; x_wconf 93' lang='lat' dir='ltr'>in</span> <span class='ocrx_word' id='word_1_232' title='bbox 480 2695 541 2775; x_wconf 89' lang='lat' dir='ltr'>ipso</span> <span class='ocrx_word' id='word_1_233' title='bbox 556 2715 630 2776; x_wconf 81' lang='lat' dir='ltr'>pago</span> <span class='ocrx_word' id='word_1_234' title='bbox 642 2698 687 2757; x_wconf 90' lang='lat' dir='ltr'>vel</span> <span class='ocrx_word' id='word_1_235' title='bbox 701 2702 731 2756; x_wconf 91' lang='lat' dir='ltr'>in</span> <span class='ocrx_word' id='word_1_236' title='bbox 746 2695 807 2775; x_wconf 91' lang='lat' dir='ltr'>ipso</span> <span class='ocrx_word' id='word_1_237' title='bbox 814 2718 885 2779; x_wconf 83' lang='lat' dir='ltr'>agro</span> <span class='ocrx_word' id='word_1_238' title='bbox 896 2701 926 2757; x_wconf 92' lang='lat' dir='ltr'>in</span> <span class='ocrx_word' id='word_1_239' title='bbox 938 2700 1013 2759; x_wconf 81' lang='lat' dir='ltr'>villa</span> 
     </span>
     <span class='ocr_line' id='line_1_32' title="bbox 181 2776 1013 2858; baseline 0.002 -24"><span class='ocrx_word' id='word_1_240' title='bbox 181 2794 362 2855; x_wconf 83' lang='lat' dir='ltr'>nuncupante</span> <span class='ocrx_word' id='word_1_241' title='bbox 376 2777 498 2835; x_wconf 87' lang='lat' dir='ltr'>villaris</span> <span class='ocrx_word' id='word_1_242' title='bbox 515 2796 620 2854; x_wconf 89' lang='lat' dir='ltr'>,quem</span> <span class='ocrx_word' id='word_1_243' title='bbox 637 2776 671 2835; x_wconf 91' lang='lat' dir='ltr'>de</span> <span class='ocrx_word' id='word_1_244' title='bbox 688 2777 820 2837; x_wconf 81' lang='lat' dir='ltr'>Alemaro</span> <span class='ocrx_word' id='word_1_245' title='bbox 833 2799 880 2858; x_wconf 89' lang='lat' dir='ltr'>pet</span> <span class='ocrx_word' id='word_1_246' title='bbox 893 2780 1013 2838; x_wconf 89' lang='lat' dir='ltr'>titulum</span> 
     </span>
     <span class='ocr_line' id='line_1_33' title="bbox 182 2852 1014 2936; baseline 0.004 -23"><span class='ocrx_word' id='word_1_247' title='bbox 182 2856 357 2915; x_wconf 86' lang='lat' dir='ltr'>venditionis</span> <span class='ocrx_word' id='word_1_248' title='bbox 376 2852 522 2914; x_wconf 88' lang='lat' dir='ltr'>Hilstrico</span> <span class='ocrx_word' id='word_1_249' title='bbox 539 2874 595 2915; x_wconf 83' lang='lat' dir='ltr'>avo</span> <span class='ocrx_word' id='word_1_250' title='bbox 612 2858 707 2915; x_wconf 88' lang='lat' dir='ltr'>nostro</span> <span class='ocrx_word' id='word_1_251' title='bbox 732 2861 916 2936; x_wconf 80' lang='lat' dir='ltr'>antiquirenre</span> <span class='ocrx_word' id='word_1_252' title='bbox 932 2858 1014 2916; x_wconf 86' lang='lat' dir='ltr'>nobis</span> 
     </span>
     <span class='ocr_line' id='line_1_34' title="bbox 181 2934 1010 3015; baseline 0.004 -22"><span class='ocrx_word' id='word_1_253' title='bbox 181 2934 310 3008; x_wconf 89' lang='lat' dir='ltr'>obvenit,</span> <span class='ocrx_word' id='word_1_254' title='bbox 320 2955 383 2995; x_wconf 88' lang='lat' dir='ltr'>cum</span> <span class='ocrx_word' id='word_1_255' title='bbox 392 2936 496 2995; x_wconf 87' lang='lat' dir='ltr'>ancilla</span> <span class='ocrx_word' id='word_1_256' title='bbox 505 2936 621 2993; x_wconf 91' lang='lat' dir='ltr'>nomine</span> <span class='ocrx_word' id='word_1_257' title='bbox 630 2934 1010 3015; x_wconf 82' lang='lat' dir='ltr'>Lcobertane&amp;proltcjus,</span> 
     </span>
     <span class='ocr_line' id='line_1_35' title="bbox 181 3012 1011 3095; baseline 0.005 -23"><span class='ocrx_word' id='word_1_258' title='bbox 181 3016 243 3093; x_wconf 88' lang='lat' dir='ltr'>pari</span> <span class='ocrx_word' id='word_1_259' title='bbox 254 3017 365 3075; x_wconf 87' lang='lat' dir='ltr'>ratione</span> <span class='ocrx_word' id='word_1_260' title='bbox 374 3014 466 3073; x_wconf 89' lang='lat' dir='ltr'>cidem</span> <span class='ocrx_word' id='word_1_261' title='bbox 478 3016 544 3073; x_wconf 92' lang='lat' dir='ltr'>loco</span> <span class='ocrx_word' id='word_1_262' title='bbox 558 3012 682 3072; x_wconf 89' lang='lat' dir='ltr'>cedimus</span> <span class='ocrx_word' id='word_1_263' title='bbox 700 3016 910 3089; x_wconf 81' lang='lat' dir='ltr'>cumomnibus</span> <span class='ocrx_word' id='word_1_264' title='bbox 924 3016 1011 3095; x_wconf 85' lang='lat' dir='ltr'>adja-</span> 
     </span>
     <span class='ocr_line' id='line_1_36' title="bbox 96 3090 1010 3174; baseline 0.005 -25"><span class='ocrx_word' id='word_1_265' title='bbox 96 3146 98 3165; x_wconf 82' lang='grc'>,</span> <span class='ocrx_word' id='word_1_266' title='bbox 182 3097 282 3155; x_wconf 81' lang='lat' dir='ltr'>tentiis</span> <span class='ocrx_word' id='word_1_267' title='bbox 294 3092 349 3153; x_wconf 88' lang='lat' dir='ltr'>snis</span> <span class='ocrx_word' id='word_1_268' title='bbox 360 3101 387 3153; x_wconf 69' lang='lat' dir='ltr'>dt</span> <span class='ocrx_word' id='word_1_269' title='bbox 401 3090 585 3173; x_wconf 82' lang='lat' dir='ltr'>supraposito,</span> <span class='ocrx_word' id='word_1_270' title='bbox 599 3099 626 3151; x_wconf 78' lang='grc' dir='ltr'>δι</span> <span class='ocrx_word' id='word_1_271' title='bbox 635 3092 889 3174; x_wconf 80' lang='lat' dir='ltr'>quicq-uidadeum</span> <span class='ocrx_word' id='word_1_272' title='bbox 898 3093 1010 3174; x_wconf 85' lang='lat' dir='ltr'>aspicit,</span> 
     </span>
     <span class='ocr_line' id='line_1_37' title="bbox 96 3168 1014 3253; baseline 0.003 -22"><span class='ocrx_word' id='word_1_273' title='bbox 96 3168 98 3177; x_wconf 75' lang='grc'>’</span> <span class='ocrx_word' id='word_1_274' title='bbox 180 3190 232 3231; x_wconf 87' lang='lat' dir='ltr'>aut</span> <span class='ocrx_word' id='word_1_275' title='bbox 244 3172 367 3251; x_wconf 83' lang='lat' dir='ltr'>aspicere</span> <span class='ocrx_word' id='word_1_276' title='bbox 385 3174 502 3235; x_wconf 88' lang='lat' dir='ltr'>viderur.</span> <span class='ocrx_word' id='word_1_277' title='bbox 518 3172 651 3232; x_wconf 88' lang='lat' dir='ltr'>Cedimus</span> <span class='ocrx_word' id='word_1_278' title='bbox 662 3174 748 3231; x_wconf 88' lang='lat' dir='ltr'>etiam</span> <span class='ocrx_word' id='word_1_279' title='bbox 761 3178 788 3232; x_wconf 86' lang='lat'>&amp;</span> <span class='ocrx_word' id='word_1_280' title='bbox 800 3195 911 3253; x_wconf 88' lang='lat' dir='ltr'>pratum</span> <span class='ocrx_word' id='word_1_281' title='bbox 918 3175 952 3231; x_wconf 86' lang='lat' dir='ltr'>ad</span> <span class='ocrx_word' id='word_1_282' title='bbox 964 3173 1014 3234; x_wconf 82' lang='lat' dir='ltr'>lin·</span> 
     </span>
     <span class='ocr_line' id='line_1_38' title="bbox 182 3251 1011 3333; baseline 0 -23"><span class='ocrx_word' id='word_1_283' title='bbox 182 3271 284 3310; x_wconf 85' lang='lat' dir='ltr'>norem</span> <span class='ocrx_word' id='word_1_284' title='bbox 304 3252 423 3330; x_wconf 80' lang='lat' dir='ltr'>ptaesatae</span> <span class='ocrx_word' id='word_1_285' title='bbox 443 3252 567 3333; x_wconf 78' lang='lat' dir='ltr'>Capella</span> <span class='ocrx_word' id='word_1_286' title='bbox 585 3252 619 3311; x_wconf 89' lang='lat' dir='ltr'>de</span> <span class='ocrx_word' id='word_1_287' title='bbox 637 3252 796 3311; x_wconf 81' lang='lat' dir='ltr'>Abulmaro</span> <span class='ocrx_word' id='word_1_288' title='bbox 813 3251 1011 3333; x_wconf 87' lang='lat' dir='ltr'>conquifitum.</span> 
     </span>
     <span class='ocr_line' id='line_1_39' title="bbox 183 3328 1013 3411; baseline 0 -22"><span class='ocrx_word' id='word_1_289' title='bbox 183 3332 254 3389; x_wconf 80' lang='lat' dir='ltr'>Hac</span> <span class='ocrx_word' id='word_1_290' title='bbox 268 3332 365 3391; x_wconf 87' lang='lat' dir='ltr'>omnia</span> <span class='ocrx_word' id='word_1_291' title='bbox 379 3328 504 3411; x_wconf 83' lang='lat' dir='ltr'>superitls</span> <span class='ocrx_word' id='word_1_292' title='bbox 519 3333 666 3391; x_wconf 84' lang='lat' dir='ltr'>nominata</span> <span class='ocrx_word' id='word_1_293' title='bbox 679 3333 709 3389; x_wconf 92' lang='lat' dir='ltr'>in</span> <span class='ocrx_word' id='word_1_294' title='bbox 722 3329 862 3391; x_wconf 88' lang='lat' dir='ltr'>honorem</span> <span class='ocrx_word' id='word_1_295' title='bbox 879 3334 935 3390; x_wconf 89' lang='lat' dir='ltr'>Dei</span> <span class='ocrx_word' id='word_1_296' title='bbox 948 3351 1013 3389; x_wconf 91' lang='lat' dir='ltr'>om-</span> 
     </span>
     <span class='ocr_line' id='line_1_40' title="bbox 182 3408 1012 3489; baseline 0.001 -22"><span class='ocrx_word' id='word_1_297' title='bbox 182 3410 337 3489; x_wconf 84' lang='lat' dir='ltr'>nipotentis</span> <span class='ocrx_word' id='word_1_298' title='bbox 348 3416 375 3469; x_wconf 77' lang='lat' dir='ltr'>dt</span> <span class='ocrx_word' id='word_1_299' title='bbox 386 3412 565 3471; x_wconf 88' lang='lat' dir='ltr'>veneratione</span> <span class='ocrx_word' id='word_1_300' title='bbox 574 3408 736 3469; x_wconf 66' lang='lat' dir='ltr'>sanfiorum</span> <span class='ocrx_word' id='word_1_301' title='bbox 743 3414 939 3489; x_wconf 86' lang='lat' dir='ltr'>ejus,quorum</span> <span class='ocrx_word' id='word_1_302' title='bbox 948 3430 1012 3468; x_wconf 85' lang='lat' dir='ltr'>me·</span> 
     </span>
     <span class='ocr_line' id='line_1_41' title="bbox 103 3486 1013 3567; baseline 0.001 -21"><span class='ocrx_word' id='word_1_303' title='bbox 103 3548 108 3557; x_wconf 33' lang='lat'><strong><em>⁴</em></strong></span> <span class='ocrx_word' id='word_1_304' title='bbox 181 3490 275 3548; x_wconf 87' lang='lat' dir='ltr'>moria</span> <span class='ocrx_word' id='word_1_305' title='bbox 288 3492 316 3544; x_wconf 75' lang='grc' dir='ltr'>δι</span> <span class='ocrx_word' id='word_1_306' title='bbox 335 3489 424 3549; x_wconf 88' lang='lat' dir='ltr'>virtus</span> <span class='ocrx_word' id='word_1_307' title='bbox 435 3490 476 3549; x_wconf 91' lang='lat' dir='ltr'>ibi</span> <span class='ocrx_word' id='word_1_308' title='bbox 493 3492 629 3549; x_wconf 88' lang='lat' dir='ltr'>recolitur</span> <span class='ocrx_word' id='word_1_309' title='bbox 639 3488 691 3554; x_wconf 87' lang='lat' dir='ltr'>,ad</span> <span class='ocrx_word' id='word_1_310' title='bbox 708 3486 773 3547; x_wconf 92' lang='lat' dir='ltr'>usus</span> <span class='ocrx_word' id='word_1_311' title='bbox 788 3495 816 3546; x_wconf 89' lang='lat'>&amp;</span> <span class='ocrx_word' id='word_1_312' title='bbox 832 3486 1013 3567; x_wconf 88' lang='lat' dir='ltr'>supplemen-</span> 
     </span>
     <span class='ocr_line' id='line_1_42' title="bbox 182 3564 1012 3648; baseline 0 -23"><span class='ocrx_word' id='word_1_313' title='bbox 182 3584 244 3625; x_wconf 89' lang='lat' dir='ltr'>tum</span> <span class='ocrx_word' id='word_1_314' title='bbox 260 3571 320 3646; x_wconf 84' lang='lat' dir='ltr'>jam</span> <span class='ocrx_word' id='word_1_315' title='bbox 329 3564 422 3648; x_wconf 78' lang='lat' dir='ltr'>sapius</span> <span class='ocrx_word' id='word_1_316' title='bbox 432 3571 582 3629; x_wconf 75' lang='lat' dir='ltr'>nominata</span> <span class='ocrx_word' id='word_1_317' title='bbox 590 3566 707 3627; x_wconf 80' lang='lat' dir='ltr'>bafilica</span> <span class='ocrx_word' id='word_1_318' title='bbox 718 3566 863 3638; x_wconf 87' lang='lat' dir='ltr'>cedimus,</span> <span class='ocrx_word' id='word_1_319' title='bbox 879 3586 965 3646; x_wconf 79' lang='lat' dir='ltr'>atque</span> <span class='ocrx_word' id='word_1_320' title='bbox 977 3568 1012 3625; x_wconf 89' lang='lat' dir='ltr'>de</span> 
     </span>
     <span class='ocr_line' id='line_1_43' title="bbox 182 3643 1010 3728; baseline 0.001 -23"><span class='ocrx_word' id='word_1_321' title='bbox 182 3646 245 3724; x_wconf 82' lang='lat' dir='ltr'>jure</span> <span class='ocrx_word' id='word_1_322' title='bbox 260 3648 354 3708; x_wconf 87' lang='lat' dir='ltr'>nostro</span> <span class='ocrx_word' id='word_1_323' title='bbox 369 3650 516 3727; x_wconf 83' lang='lat' dir='ltr'>injure&amp;</span> <span class='ocrx_word' id='word_1_324' title='bbox 534 3649 707 3728; x_wconf 83' lang='lat' dir='ltr'>proprietate</span> <span class='ocrx_word' id='word_1_325' title='bbox 718 3643 802 3727; x_wconf 84' lang='lat' dir='ltr'>ipsius</span> <span class='ocrx_word' id='word_1_326' title='bbox 820 3653 848 3709; x_wconf 71' lang='grc' dir='ltr'>δι</span> <span class='ocrx_word' id='word_1_327' title='bbox 864 3646 1010 3707; x_wconf 68' lang='lat' dir='ltr'>tetrorum</span> 
     </span>
    </p>
   </div>
   <div class='ocr_carea' id='block_1_6' title="bbox 0 0 1464 4359">
    <p class='ocr_par' dir='ltr' id='par_1_8' title="bbox 0 0 1464 4359">
     <span class='ocr_line' id='line_1_44' title="bbox 0 0 1464 4359; baseline 0 0"><span class='ocrx_word' id='word_1_328' title='bbox 0 0 1464 4359; x_wconf 95' lang='lat' dir='ltr'> </span> 
     </span>
    </p>
   </div>
  </div>
 </body>
</html>
