2917 4359
563 290 1041 393 PRAEFATIO.

373 424 594 507 resecarunt
609 448 695 535 quae
704 420 779 501 illis
790 421 983 537 superflua
993 420 1238 507 videbantur,

428 540 483 620 X.
516 539 584 618 Sne
612 562 634 616 e
655 544 775 617 etiam
786 538 945 641 Regino
965 534 1098 616 laudat
1117 559 1241 635 canos

370 560 1238 762 nesConciijTriburienfis5dequibusope·

371 790 424 843 rae
435 767 603 877 pretium
622 760 678 841 est
703 784 747 872 ut
764 760 854 842 heic
872 760 1037 843 seorsim.
1050 760 1237 841 nonnulla

371 874 556 956 dicamus,
575 876 685 959 Nam
697 874 792 956 crim
799 868 1005 987 plerosque
1017 872 1162 955 referat
1169 878 1239 984 qui

371 983 492 1069 hodie
505 1012 589 1067 non
605 990 789 1067 extentio
800 983 865 1067 vul
895 991 967 1067 atis
986 984 1237 1089 editionibus,

350 1096 654 1290 ¹‘aliquoslpauld
676 1096 843 1179 diversos
853 1014 904 1181 nis
915 1099 1048 1202 editis,
1067 1097 1238 1223 deniqne

376 1236 524 1325 quamp
542 1236 627 1293 ures
651 1212 691 1289 in
709 1215 913 1323 epitomen
961 1238 1006 1292 ro
1034 1236 1143 1291 more
1167 1212 1236 1290 ino

372 1326 626 1425 contractos,
656 1322 868 1403 videndum
908 1236 966 1403 eii
994 1327 1235 1435 quaenamei

371 1435 468 1527 fides
486 1432 669 1516 habenda
689 1432 759 1537 sit,
780 1439 858 1516 reci
888 1435 1044 1516 iendine
1066 1460 1237 1515 canones

370 1544 637 1629 Triburienses
660 1545 710 1628 ab
731 1572 781 1629 eo
811 1463 922 1629 sediti
940 1552 1008 1660 qui
1028 1575 1133 1628 nunc
1153 1566 1237 1626 non

371 1682 532 1765 extant,
545 1687 593 1741 an
607 1662 704 1743 verd
716 1660 915 1769 rejiciendi
935 1684 980 1740 ut
990 1658 1117 1853 [ζητῇ.
1134 1662 1235 1743 Sane

372 1774 467 1855 cirin
486 1772 535 1854 de
549 1772 836 1853 bonahominis
849 1770 927 1851 tide
948 1796 1002 1852 no
1032 1779 1062 1853 is
1081 1770 1239 1853 aliunde

373 1884 560 1987 constet,
620 1881 768 1965 roclive
801 1884 857 1965 est
882 1884 1098 1965 existimare
1132 1882 1237 1965 bono

371 2020 535 2108 quoque
559 1912 619 2077 fid

615 2022 637 2077 e
665 1993 774 2077 usum
808 1992 885 2078 effe
904 1996 1037 2111 quoad
1067 2022 1237 2077 canones

374 2107 841 2221 ConcilijTriburienfis,
863 2110 1002 2221 quihus
1021 2108 1236 2190 condendis
1377 2147 1378 2182 i

370 2217 450 2335 ipse
460 2219 622 2304 fortaffis
645 2219 892 2324 interfuerat,
913 2221 1124 2337 presertim
1140 2224 1236 2305 cnm

371 2330 837 2427 reseisetadeorecensut
847 2333 904 2416 fas
921 2362 1003 2415 non
1016 2330 1112 2417 effet
1124 2361 1236 2416 men·

371 2450 435 2525 tiri
463 2440 533 2527 nist
560 2444 712 2527 homini
740 2447 1080 2563 impudentiffimo.
1124 2450 1236 2529 Nam

372 2556 600 2640 Concilium
623 2556 719 2639 illud
747 2560 852 2641 haud
869 2558 1007 2673 procul
1035 2560 1059 2641 i
1080 2560 1236 2641 prumia·

370 2666 550 2751 habitum
572 2694 666 2753 erati
677 2666 798 2785 pauli>
818 2674 915 2755 ante
936 2674 1056 2786 quim
1075 2674 1139 2755 Re
1171 2674 1235 2752 'no

370 2780 476 2865 snam
487 2780 759 2867 colletiionem
767 2784 1003 2889 adornaret,
1025 2790 1093 2866 uti
1137 2808 1236 2866 ete·

372 2894 497 2977 statur
513 2902 552 2977 in
575 2880 677 2977 libro
697 2894 868 2981 secundo
883 2896 1037 2979 suorum
1062 2813 1235 3003 Cistoni-

365 3034 505 3087 corum
553 3046 563 3089 ι
617 3023 718 3093 Anno
769 3014 945 3095 dominica
986 3018 1238 3096 incarnationis
1317 2996 1321 3001 ’

368 3146 400 3204 D
415 3148 440 3203 c
455 3148 481 3202 c
494 3126 561 3205 cx
576 3150 652 3206 cv.
668 3116 829 3243 ſjnodus
846 3124 1170 3237 magnocelebrara
1188 3126 1240 3235 est

365 3234 461 3348 apud
472 3232 649 3319 Triiurias
663 3265 780 3349 contra
794 3243 972 3352 plerosque
975 3242 1153 3346 seculares
1173 3244 1238 3351 qui

363 3350 603 3433 annotinum
635 3356 857 3470 episcopalem
886 3359 1092 3437 imminuere
1118 3374 1238 3433 tenta·

367 3458 475 3547 bantr
498 3462 559 3544 ubi
571 3468 713 3575 viginti
717 3472 792 3581 sex
809 3478 881 3583 rpi
896 3475 969 3584 copi
983 3496 1061 3549 cum
1082 3458 1246 3553 Abbati

364 3570 431 3655 ius
446 3579 725 3696 monasteriorum
745 3582 928 3696 reficientes
937 3585 1093 3705 plurima
1102 3578 1238 3663 decreta
1279 3624 1285 3640 ι

1070 3738 1077 3745 ·
1128 3692 1237 3810 finer
