2917 4359
450 299 499 353 618
673 294 699 349 Α
725 290 747 347 P
772 289 794 345 P
822 288 845 347 Ε
874 287 906 345 N
930 288 959 347 D
990 290 1004 347 1
1028 288 1055 345 X
1155 315 1158 321 ·

447 377 475 429 dr
492 363 649 435 coufiteotr
668 369 738 449 quia
752 367 936 426 inutiliter&
954 365 1012 427 siue
1024 360 1095 424 caula
1110 362 1268 449 plerunque

442 469 488 509 me
496 449 660 507 contristavi
672 472 681 513 ς
701 454 729 505 &
740 446 848 507 eunde
858 447 977 526 peccatis
985 447 1055 505 meis
1061 445 1267 508 tnmsnmoe·

442 548 506 587 rens
515 522 567 585 else
574 527 659 586 debui
664 570 673 597 ,
688 526 722 586 de
740 528 821 586 vania
833 532 862 583 dt
874 524 949 585 nihil
961 526 1095 585 utilitatis
1106 521 1270 588 habentibus

443 607 526 667 rebus
534 608 677 671 tristitiam
688 604 785 667 habui.
798 608 832 663 Et
841 624 891 683 per
901 603 974 663 banc
984 606 1016 663 iu
1023 604 1267 684 ceteritritiirquz

442 706 480 745 ex
495 684 720 756 illanascnntut,
734 684 763 743 id
770 686 825 749 est,
841 684 990 743 inmalitia
998 728 1010 756 ,
1023 684 1132 742 malam
1139 684 1268 744 nolunta-

445 783 503 825 rem
521 784 617 824 contra
633 765 740 823 multos
758 762 906 834 babendo,
922 768 950 821 lt
974 765 1007 822 in
1026 760 1269 841 pnlillauimitate,

444 847 574 925 uigorem
588 842 827 903 &fortitudinem
841 844 931 901 animi
951 862 1003 920 ptae
1013 843 1133 901 tristitia
1141 845 1272 903 amitten·

446 924 503 991 do,
524 930 553 981 dr
574 924 604 981 iu
622 920 838 1001 desperatione,
855 922 890 980 de
910 922 1015 1001 pietate
1034 928 1065 979 δι
1082 919 1272 981 misericordia

447 1006 505 1062 Dei
517 999 708 1081 desperando,
726 1010 754 1060 dc
770 1002 799 1068 in
817 1018 933 1079 torpore
953 1004 1027 1060 circa
1044 1002 1105 1061 Dei
1120 1020 1273 1079 pracepta,

446 1082 632 1141 intentionem
642 1100 675 1139 ac
685 1082 843 1141 studiumin
853 1078 990 1139 mandatis
999 1083 1052 1140 Dei
1066 1101 1128 1139 non
1136 1076 1271 1152 babendo,

448 1165 477 1216 δι
494 1162 523 1217 in
536 1163 687 1239 vagatione
701 1164 805 1220 mentis
824 1177 892 1238 erga
910 1160 1032 1230 illicita,
1044 1158 1218 1219 otiositatem
1229 1156 1273 1219 se-

448 1236 564 1305 dlando,
580 1246 607 1297 dc
622 1241 702 1298 rebus
712 1241 955 1299 illicitismeutem
966 1238 1155 1319 occupando,
1167 1240 1271 1300 multo·

446 1318 517 1376 tiens
528 1337 574 1376 me
587 1315 707 1397 peccalsc
720 1316 867 1379 confiteor.

594 1482 650 1539 Dr
681 1496 868 1540 vrurrrs
901 1492 1130 1537 rnotuvtr.

495 1644 539 1699 De
556 1644 661 1701 ventris
680 1640 748 1699 verb
759 1639 888 1717 ingluvie
901 1637 966 1699 satis
979 1637 1141 1719 periculos&
1156 1643 1187 1697 dc
1195 1636 1272 1697 dam·

442 1718 576 1779 rabiliter
584 1741 629 1779 me
645 1714 763 1799 peccasse
774 1718 917 1777 &cotidie
931 1738 978 1776 me
988 1735 1103 1798 peccare
1114 1713 1273 1789 confiteor,

439 1800 508 1877 quia
518 1798 714 1859 ultramodum
726 1805 754 1857 δι
766 1795 848 1877 supra
874 1795 939 1856 uim
951 1795 1093 1857 necclsttaa
1102 1801 1132 1853 δι
1144 1796 1273 1876 indigen-

440 1878 481 1933 tia
492 1876 648 1954 corporalis
655 1874 787 1955 exposcat
799 1921 808 1948 ,
821 1820 999 1935 indumendo
1016 1876 1113 1933 eibum
1128 1882 1159 1934 bt
1176 1896 1271 1954 potum

440 1972 567 2014 ventrem
577 1952 714 2013 hactenus
731 1958 908 2035 ingurgitari
928 1962 956 2014 δι
973 1956 1080 2015 cotidie
1083 1956 1272 2092 ¹pffiutgitare

441 2034 627 2105 nonomine,
642 2039 670 2091 dc
685 2032 879 2094 undemihi&
890 2036 956 2093 aliis
968 2036 1068 2093 multis
1085 2038 1091 2047 '
1135 2033 1272 2112 'gentibus

442 2110 601 2173 satisfacere
609 2114 706 2192 potui,
719 2111 794 2173 solut
805 2130 859 2193 pra
871 2114 962 2173 nimia
975 2113 1117 2173 edacitate
1136 2120 1165 2173 α
1174 2111 1272 2193 inglu-

441 2192 487 2250 vie
499 2190 662 2272 consumpsi.
676 2196 708 2252 Et
721 2192 786 2252 ideo
793 2212 841 2272 pet
849 2190 922 2252 hanc
933 2196 964 2253 in
973 2194 1073 2253 ceteris
1081 2194 1271 2271 vitiisquaeex

438 2270 490 2328 illa
499 2272 649 2341 oriuntur,
666 2272 760 2341 idest,
773 2276 803 2331 in
813 2274 908 2349 inepta
922 2274 1022 2333 latitia
1032 2315 1041 2345 ,
1053 2271 1088 2333 dc
1096 2272 1271 2332 vanitatibus

437 2346 557 2407 letando
568 2353 596 2404 δι
611 2349 778 2428 gaudendo,
795 2355 824 2406 dt
837 2351 867 2406 iu
875 2347 1062 2418 scurrilitate,
1079 2350 1166 2427 jocis,
1188 2354 1219 2407 dt
1232 2351 1271 2408 ti-

437 2424 508 2486 sibus
519 2426 652 2487 studendo
674 2433 701 2485 &
718 2426 907 2500 delectando,
922 2436 950 2489 dt
968 2432 1000 2490 in
1012 2428 1215 2509 multiloquio,
1232 2450 1270 2487 ea

458 2504 540 2564 uaead
549 2506 703 2567 utilitatem
714 2530 770 2567 nou
780 2509 920 2588 pertinent
934 2510 1136 2589 multipliciter
1144 2509 1270 2589 loquen-

435 2528 540 2659 do„&
562 2590 592 2645 in
607 2584 775 2647 hebetudine
791 2585 898 2652 sensus,
919 2590 1022 2649 mentis
1043 2587 1270 2668 intelligentiam

435 2684 489 2745 pra
498 2666 588 2726 nimia
596 2669 652 2727 cibi
662 2674 690 2725 δι
705 2686 786 2745 potus
793 2670 948 2727 voracitate
957 2667 1134 2735 amittendo,
1145 2666 1268 2728 mulnim

434 2744 560 2824 graviter
568 2768 613 2808 me
623 2744 743 2827 peccasse
752 2742 899 2813 confiteor.

687 2910 746 2965 Dr
781 2926 1014 2970 ananim.

480 3066 526 3123 De
541 3064 663 3121 avaritia
677 3066 764 3122 eriam
774 3064 936 3144 gravissimd
947 3085 1026 3126 reum
1044 3086 1087 3125 me
1100 3062 1152 3124 else
1164 3062 1267 3125 conli-

425 3160 487 3203 toor
501 3188 509 3213 ,
523 3143 592 3221 quia
608 3162 707 3202 contra
722 3159 889 3223 preceptum
908 3148 963 3205 Dei
980 3154 1010 3205 dr
1031 3144 1159 3207 habenda
1174 3147 1264 3205 nimis

427 3224 576 3301 concupivi
593 3227 621 3279 δε
636 3220 820 3300 concupisco,
835 3230 863 3281 ἀ
875 3222 973 3284 habita
986 3228 1072 3285 nimir
1086 3226 1176 3285 avare
1190 3226 1263 3285 teti·

427 3304 477 3361 nui
488 3309 516 3360 δι
527 3302 654 3371 retineo,
676 3307 704 3359 dr
722 3304 920 3380 proximorum
932 3305 1135 3365 necellitatibus
1144 3311 1173 3363 dt
1187 3304 1262 3363 indi-

427 3382 532 3459 gentiis
541 3400 597 3438 nou
613 3382 654 3438 ita
667 3377 780 3440 subveni
796 3388 824 3439 δι
837 3385 993 3442 ministrati
1001 3383 1071 3443 licut
1077 3383 1162 3445 debui
1172 3392 1201 3442 &
1210 3403 1258 3462 po-

429 3460 482 3522 tui.
503 3462 536 3518 Et
546 3457 673 3537 perhanc
682 3460 818 3520 incetetis
831 3464 910 3523 vitiis
921 3482 982 3541 quae
994 3484 1030 3522 ex
1046 3463 1257 3529 illaorinutur,

431 3537 526 3607 idest,
541 3542 567 3595 in
577 3537 740 3617 proditione
752 3540 885 3613 alioruin,
906 3548 933 3599 dc
946 3539 1076 3601 maxime
1088 3538 1205 3599 senioris
1216 3538 1260 3598 se-

430 3632 507 3675 creta
517 3622 543 3675 δι
554 3618 667 3677 occulta
674 3617 820 3697 prodendo
827 3640 860 3683 ac
869 3619 1088 3693 manifestando,
1103 3626 1128 3685 ll
1143 3616 1260 3680 infrau-
