2917 4359
317 354 570 416 ACTORUM
611 350 868 415 VETERUM.
969 360 1021 429 (η

198 434 320 497 nationis
335 434 488 495 millefimo
513 430 664 493 centesimo
688 474 697 499 ,
723 426 904 510 pontificatus
931 448 1029 493 autem

199 516 309 576 Domui
330 512 473 575 Paschalis
487 510 601 573 secundi
620 514 697 589 Papae
714 510 817 588 primo.

515 770 693 853 xxrl.

206 944 403 1019 Concordia
430 940 675 1015 monachorum
716 942 822 1014 sancii
848 934 974 1015 bertini
1001 940 1038 1011 in

288 1041 397 1119 Sithitr
417 1066 494 1113 cum
513 1040 745 1141 parrochianis
762 1041 804 1112 de
816 1039 954 1139 Calays.

258 1229 316 1305 Ex
328 1219 533 1293 chartulario
543 1220 715 1315 monasteri
725 1220 833 1315 senili
842 1216 981 1294 Bertini.

298 1390 327 1447 0
339 1407 357 1445 v
368 1408 382 1446 r
392 1404 411 1445 tt
423 1408 434 1447 r
446 1404 465 1443 τ
485 1384 648 1447 universitas
661 1388 753 1447 velita
767 1386 845 1467 qubsl
854 1380 1037 1445 itaconeenit

296 1470 368 1525 inter
382 1471 470 1525 nos&
488 1466 688 1545 parrochianos
697 1467 807 1526 nostros
819 1466 967 1545 magistros
976 1462 1033 1519 lien

93 1528 106 1549 ⁷
209 1546 295 1607 clesiae
309 1546 344 1604 <le
366 1546 469 1623 Calays
487 1588 496 1615 ‚
512 1543 589 1623 qubd
616 1543 716 1625 leprosi
742 1542 865 1625 ejusdem
884 1537 1039 1621 parrochia

93 1632 95 1637 ’
209 1628 357 1709 proprium
391 1622 532 1682 habebunt
550 1620 721 1683 sacerdotem
742 1641 852 1702 ,quem
869 1622 905 1681 de
920 1616 1040 1678 confilio

93 1842 232 1933 &s

213 1704 374 1783 Presbyteri
388 1700 576 1781 parrochialis
589 1708 615 1760 δι
627 1697 732 1761 assensu
743 1697 918 1783 burgensium
929 1700 962 1758 de
976 1700 1038 1755 Ca-

210 1786 271 1921 laps
279 1784 317 1873 ibt
328 1782 501 1871 instituemus
513 1803 522 1847 ς
536 1780 731 1873 ptaslabitque
746 1780 948 1839 sacramentum
957 1772 1038 1857 qubd

251 1864 303 1921 elis
314 1878 368 1918 errt
386 1857 510 1919 Ecclesia
522 1858 610 1917 fanen
625 1864 732 1918 Brrtmr
753 1866 781 1918 bc
798 1854 920 1919 seelera
934 1876 1038 1937 patro·

93 1936 95 1989 l
212 1938 310 2000 chiali.
323 1935 409 2002 Quod
419 1956 451 1995 ut
459 1934 560 1997 meliis
568 1934 661 1997 facete
675 1936 774 2019 possit,
789 1938 915 2020 magistri
927 1954 1038 1995 eorun-

93 2036 95 2101 ξ
212 2018 277 2080 elem
296 2013 470 2095 leprosorum
487 2034 596 2075 annuos
608 2015 732 2076 redditus
745 2018 842 2076 decem
858 2016 997 2076 librarum
1009 2011 1039 2071 ei

93 2108 95 2149 t
213 2095 403 2177 assignatum
420 2094 521 2173 quibus
530 2090 671 2153 deoetelse
682 2114 848 2167 contentus,
866 2115 916 2154 nec
925 2090 1041 2174 aliquid

94 2210 96 2259 p
214 2174 264 2235 stbi
283 2170 415 2263 usurpare
427 2174 503 2252 quod
520 2174 658 2250 pertineat
680 2174 715 2232 ad
732 2178 777 2252 jus
797 2170 985 2253 parrochiale.
1004 2172 1039 2231 si

94 2268 97 2425 l
212 2247 1043 2411 lllsrh‘lll‘ist‘ssihs{lshlslh‘sshiliih

215 2412 365 2492 Capellani
377 2406 422 2469 sed
430 2406 605 2489 leprosorum
620 2412 668 2469 eil.
681 2414 714 2471 Et
733 2408 752 2471 fi
768 2413 832 2491 quis
876 2408 1043 2470 trochiauo·

170 2522 172 2527 ·
215 2511 278 2552 rum
287 2490 322 2548 de
339 2486 446 2545 Petetse
458 2488 502 2545 vel
514 2488 548 2545 de
567 2486 668 2567 Cala'ys
679 2490 718 2549 ibi
731 2492 831 2569 loepea
867 2487 983 2551 Missam
996 2510 1045 2549 ve.

95 2574 97 2641 ss
216 2564 698 2643 uerit,ammonitusll’resbytero
718 2565 768 2625 suo
784 2566 1044 2625 srhocnooemett-

96 2706 97 2711 ,
216 2644 346 2716 daverit,
361 2640 473 2723 publice
483 2644 775 2704 excommunicabitur
785 2690 794 2716 ,
805 2652 832 2704 ot
847 2631 903 2702 ltoc
909 2645 986 2723 quod
994 2644 1043 2703 ob-

96 2810 97 2817 ’
219 2806 318 2885 byteto
327 2800 501 2884 parrochiali
510 2822 538 2860 re

217 2726 316 2787 tulerit
334 2723 506 2801 Capellaous
515 2718 688 2859 leprosorum
703 2744 768 2791 eum
777 2743 951 2862 paramento
970 2719 1048 2783 Pres-

564 2802 651 2870 ituet‚
667 2809 769 2863 &eum
797 2822 916 2863 oeetero
931 2824 988 2862 noo
998 2822 1049 2860 re·

220 2886 316 2966 cipiet.
346 2884 498 2941 Anemioe
515 2899 628 2961 quoque
641 2881 716 2941 idem
734 2882 903 2962 capellanus
923 2883 1049 2961 pretium

219 2964 387 3045 accipietur
404 2962 431 3019 ei
448 2958 635 3039 septenarium
650 2961 695 3021 rel
713 2963 895 3031 tricenarium
911 2960 1049 3020 atit‘auoi·

221 3042 528 3107 versariumconeedat.
541 3042 572 3099 Et
582 3035 637 3098 hoc
649 3042 793 3135 corporali
809 3042 970 3119 juramento
985 3059 1050 3119 pro·

221 3124 327 3185 mittet.
350 3114 578 3209 desrhorum
597 3138 789 3198 prevaricator
798 3122 845 3179 vel
856 3118 972 3179 infamis
982 3137 1050 3199 per·

221 3201 290 3261 sorta
298 3202 428 3259 iuventus
439 3196 536 3269 suerit,
546 3218 609 3257 eum
620 3202 831 3271 amovebimus,
846 3206 874 3258 δι
884 3200 974 3257 alium
984 3214 1047 3279 ptae·

224 3272 751 3354 dislomodoloeoejutsubllituemus.
761 3278 1051 3356 locimiterioitaquc

223 3356 403 3437 leprosorum
413 3356 608 3435 pradistorum
621 3378 704 3421 nemo
720 3356 770 3418 nili
779 3354 921 3435 leprosus,
933 3354 980 3414 vel
998 3356 1050 3435 qui

225 3458 289 3496 eum
299 3438 338 3495 eis
350 3454 448 3493 votum
457 3432 611 3515 sollempne
618 3432 723 3499 faciens
737 3456 785 3518 per
792 3436 971 3516 aliquantum
982 3454 1053 3495 tem·

244 3536 276 3575 us
286 3514 414 3575 habitum
426 3515 573 3595 religionis
587 3511 666 3577 sanus
676 3516 848 3599 portaverit,
861 3516 966 3592 poterit
978 3513 1053 3592 sepe-

239 3597 285 3655 iri.
309 3597 397 3657 De'iis
407 3612 469 3675 que
483 3590 706 3659 insraambitotu
721 3594 908 3663 habitationis
915 3590 1053 3672 suae,qtte
